2159 3150
337 324 355 364 lt
368 324 412 365 lli.
435 324 450 365 1.
482 322 571 366 SAT.
590 322 634 366 Vl.
808 317 855 369 ⁴8³

105 432 210 480 contra.
228 423 391 485 Laevinum,
404 423 492 475 l'alerl
505 439 608 494 genus,
623 420 698 475 unde
712 420 855 492 Superbus

106 498 276 567 Tarquinius
288 514 372 569 regno
386 498 483 568 pulsus
495 498 557 560 luit,
572 496 657 551 unius
668 497 738 551 assis

106 590 161 626 non
178 588 310 642 umquam
322 574 409 644 pretio
421 573 508 643 pluris
521 573 644 634 licuisse,
656 582 766 627 notante

107 645 212 710 iudice,
224 664 279 717 quo
291 649 371 709 nosti,
384 648 495 719 populo,
508 650 556 718 qui
568 648 671 701 stultus
682 647 798 702 honores
885 660 910 703 15

107 739 191 793 saepe
202 722 249 775 dat
260 724 385 791 indignis
395 733 421 777 et
433 722 519 777 lamae
530 722 617 777 servit
629 723 749 793 ineptus,
845 720 848 725 ’

106 799 156 870 qui
168 808 261 868 stupet
271 799 299 851 in
313 799 400 852 titulis
411 808 438 852 et
446 798 628 870 imaginibus.
657 796 729 863 Ouid
740 809 846 869 oportet

107 890 157 928 nos
171 872 258 926 lacere
270 890 284 925 a
296 874 380 945 vulgo
392 873 472 945 longe
484 874 620 945 longeque
630 872 765 927 remotos‘l

106 950 234 1019 Namque
245 958 313 1010 esto,
329 948 448 1019 populus
461 949 583 1003 Laevino
593 947 688 1002 mallet
702 948 842 1013 honorem,

106 1040 193 1095 quam
204 1024 284 1078 Decio
296 1024 425 1077 mandare
436 1041 515 1087 novo,
528 1038 681 1093 censorque
695 1036 816 1079 moveret
883 1035 910 1079 to

107 1098 228 1170 Appius,
242 1100 362 1171 ingenuo
373 1100 396 1152 si
411 1115 463 1153 non
474 1116 563 1153 essem
576 1108 651 1170 patre
662 1108 756 1164 natus3
847 1148 851 1156 .

107 1174 853 1245 velmerito‚quoniaminpropriaconpellequiessem.

108 1248 166 1303 Sed
176 1248 299 1321 fulgente
309 1249 392 1321 trahit
402 1250 564 1304 constrictos
573 1249 659 1321 gloria
670 1266 752 1303 curru

106 1342 163 1379 non
175 1324 267 1378 minus
279 1325 385 1397 ignotos
396 1327 548 1397 generosis.
577 1322 637 1390 Quo
649 1324 709 1387 tibi,
725 1325 800 1386 Tilli.

106 1417 219 1455 sumere
228 1398 384 1471 depositum
398 1400 506 1455 clavum
523 1399 776 1471 fieriquatribunoi
882 1412 909 1457 25

105 1474 217 1530 Invidia
229 1478 356 1538 accrevit,
370 1478 476 1548 privato
489 1492 561 1547 quae
572 1476 662 1530 minor
671 1485 753 1529 esset.

106 1552 176 1606 Nam
193 1552 353 1622 utquisque
366 1552 478 1606 insanus
490 1552 578 1624 nigris
590 1550 712 1606 medium
727 1551 855 1623 impediit

226 1637 230 1644 '
605 1644 668 1681 crus

107 1701 233 1774 pellibus
243 1711 270 1756 et
281 1701 364 1756 latum
375 1701 487 1756 demisit
498 1713 607 1774 pectore
617 1703 737 1765 clavum,

106 1776 187 1831 audit
201 1777 344 1831 continuo:
362 1776 444 1842 »Quis
460 1775 854 1905 homohiclaet:?10uopatra

603 1863 717 1907 nulus«

105 1927 142 1982 Ut
153 1929 177 1980 si
188 1927 237 1997 qui
253 1937 372 1999 aegrotet
382 1944 437 1997 quo
447 1927 542 1982 morito
551 1927 658 1988 Barrus,
672 1927 766 1981 haberi
883 1939 910 1982 tt

106 2012 140 2056 ut
152 2001 246 2073 cupiat
256 2001 401 2064 formosus,
415 2012 458 2056 eat
468 2019 653 2074 quacumque.
666 2004 769 2073 puellis

106 2077 219 2131 inliciat
227 2094 321 2131 curam
332 2077 483 2147 quaerendi
497 2077 625 2149 singula,
639 2078 715 2148 quali

106 2155 145 2206 sit
158 2151 236 2215 facie,
249 2169 322 2215 sure,
338 2153 414 2223 quali
426 2153 506 2224 pede,
519 2151 611 2215 dente,
623 2152 737 2224 capillo:
795 2183 799 2193 ·

106 2227 150 2282 sic
163 2227 211 2298 qui
223 2227 367 2298 promittit,
379 2230 463 2291 cives,
481 2228 577 2282 urbem
588 2226 643 2283 sibi
653 2245 744 2294 curae.

107 2303 258 2373 imperium
269 2302 326 2358 lore
337 2314 363 2357 et
374 2305 477 2358 ltaliam
489 2313 515 2358 et
526 2303 641 2358 delubra
653 2303 776 2367 deorum,
884 2315 910 2359 at

101 2395 164 2448 quo
174 2387 251 2449 patre
261 2379 298 2432 sit
308 2389 397 2442 natus,
407 2397 471 2433 num
483 2380 575 2452 ignota
587 2389 671 2434 matre
682 2379 854 2445 inhonestus,

105 2470 205 2506 omnes
217 2454 344 2508 mortales
355 2471 450 2509 curare
461 2465 487 2509 et
497 2472 630 2526 quaerere
642 2456 725 2528 cogit.

105 2526 131 2657 J
145 2529 231 2589 Tune,
245 2527 318 2601 Syri,
330 2529 438 2593 Damae,
451 2541 497 2584 aut
512 2531 622 2602 Dionysi
635 2529 719 2593 filius,
731 2529 817 2584 audes

127 2604 229 2657 eiicere
243 2621 257 2657 e
268 2621 335 2658 saxo
345 2607 420 2658 cives
430 2615 476 2659 aut
487 2604 593 2659 tradere
604 2603 724 2660 Cadmo?

106 2677 131 2749 il
145 2680 178 2732 At
190 2679 296 2732 Novius
307 2679 411 2750 collega
425 2680 512 2751 gradu
525 2689 586 2751 post
597 2693 640 2734 me
651 2679 729 2734 sedet
738 2695 806 2741 uno;
885 2684 911 2731 to

107 2771 230 2824 namque
241 2765 282 2806 est
294 2754 350 2814 illc,
363 2766 439 2824 pater
449 2753 523 2824 quod
534 2763 592 2808 erat
602 2770 690 2881 meu's.
708 2751 795 2824 fflHoc
803 2750 855 2806 tibi

605 2826 662 2880 Pau
675 2827 719 2880 lus
