2159 3150
305 305 438 348 Llll.ll.
468 305 648 348 nursini.
806 302 853 350 *llll

98 407 248 478 scriptores
262 415 354 460 autem
365 422 476 460 narrare
486 415 597 476 putaret
607 404 693 460 asello

99 481 231 536 fabellam
241 480 337 536 surdo.
366 483 435 536 Nam
447 497 518 552 quae
530 484 693 552 pervincere
705 497 786 536 voces
870 493 912 536 tot

99 558 229 612 evaluere
240 573 349 620 sonum,
361 556 485 612 referunt
495 573 579 628 quem
590 566 683 611 nostra
692 554 818 612 theatra?

99 633 851 705 Garganumrnugireputesnernusantmarelnscurn:

99 717 174 764 tanto
185 724 249 762 cum
261 709 379 779 strepitu
391 707 451 763 ludi
462 717 623 780 spectantur
632 718 660 763 et
670 718 743 762 artes

100 783 276 855 divitiaeque
289 785 462 857 peregrinae,
475 784 581 855 quibus
589 783 695 839 oblitus
705 792 780 839 actor

99 877 188 932 quum
198 859 273 914 stetit
284 859 314 914 in
327 876 419 923 scena,
433 861 573 915 concurrit
585 859 699 914 dextera
711 859 816 914 laevae.
870 869 912 912 2⁰5

100 936 178 991 Dixit
197 933 291 990 adhuc
312 933 439 1007 aliquid?
463 937 522 991 »Nil
542 952 635 989 senen
667 934 742 1000 Ouid
765 937 856 1007 placet

603 1010 687 1065 eruo?

98 1087 188 1142 »Lana
201 1087 349 1141 Tarentino
360 1085 449 1141 violas
460 1086 567 1141 imitata
578 1052 711 1141 rengno«

98 1161 139 1216 Ao
150 1179 185 1216 ne
197 1160 266 1217 lorle
275 1171 366 1233 putes,
379 1179 433 1226 me,
445 1178 517 1234 quae
527 1160 618 1216 lacere
629 1163 691 1234 ipse
703 1178 840 1224 recusem,

97 1254 188 1309 quum
199 1246 273 1293 reete
283 1245 400 1292 tractent
411 1237 468 1299 alli,
481 1237 596 1293 laudare
605 1238 742 1311 maligne3

98 1314 149 1369 ille
160 1330 211 1385 per
222 1322 365 1368 extentum
376 1314 472 1368 lunem
482 1313 553 1368 milri
565 1331 647 1385 posse
658 1313 771 1368 videtur
870 1321 912 1364 21⁰

98 1391 142 1444 ire
155 1399 245 1461 poeta,
262 1406 355 1443 meum
365 1390 415 1460 qui
430 1400 528 1460 pectus
542 1390 663 1444 inaniter
673 1391 759 1463 augit,

98 1465 201 1529 irritat,
219 1464 330 1527 mulcet,
343 1464 422 1520 lalsis
432 1466 586 1520 terroribus
596 1465 704 1536 implet,

98 1551 246 1615 utmegus,
256 1541 539 1605 etmodomeThebis,
550 1541 633 1597 modo
643 1542 721 1613 ponit
726 1541 854 1599 Athenis.

97 1618 204 1673 Verum
216 1634 277 1691 age,
290 1617 383 1681 ethis,
402 1618 491 1689 quise
505 1617 602 1673 lectori
612 1618 726 1674 credere
736 1619 843 1674 molunt

97 1710 185 1767 quam
197 1695 361 1765 spectatoris
373 1692 484 1749 lastidia
496 1692 567 1749 lerre
577 1694 704 1767 superbi,
871 1698 913 1743 215

98 1786 196 1824 curam
207 1768 293 1823 redde
304 1768 429 1833 brevem,
442 1770 466 1823 si
479 1787 582 1825 munus
592 1768 722 1841 Apolline
733 1769 852 1842 dignum

98 1846 145 1899 vis
156 1844 297 1916 complere
311 1845 392 1900 libris
403 1855 430 1900 et
439 1844 553 1900 vatibus
564 1845 666 1900 addere
677 1845 777 1909 calcar,

97 1929 132 1975 ut
142 1920 237 1975 studio
248 1921 352 1975 maiore
362 1929 457 1993 petant
470 1921 602 1976 Helicona
613 1922 760 1976 virentem.

97 1995 188 2053 Multo
198 1995 314 2067 quidem
325 1997 406 2053 nobis
416 1995 534 2051 facimus
541 1996 859 2067 malasaepepoelae,-

97 2079 132 2127 ut
142 2072 237 2126 vineta
248 2082 356 2145 egomet
362 2072 475 2127 caedem
482 2089 680 2144 mea-quum
689 2072 741 2126 tibi
753 2071 857 2127 librum
872 2082 914 2127 22⁰

99 2146 224 2203 sollicito
235 2147 335 2202 damus
349 2157 396 2203 aut
408 2147 495 2207 leaeo:
508 2164 596 2219 quum
609 2147 756 2211 laedimur,
770 2164 857 2203 unum

98 2223 202 2295 siquis
214 2224 366 2278 amicorum
378 2234 420 2279 ost
430 2240 515 2278 ausus
527 2223 694 2295 reprendere
704 2240 831 2289 versum;

97 2315 190 2370 quum
202 2297 261 2353 loco
273 2299 328 2353 iam
340 2300 452 2354 recitata
463 2300 636 2354 revolvimus
645 2299 808 2368 irrevocati;

97 2390 190 2446 quum
201 2374 394 2439 lamentamur,
407 2392 461 2429 non
472 2391 606 2446 apparere
617 2374 725 2429 labores

45 2508 49 2511 ,
97 2458 210 2505 nostros
222 2459 249 2504 el
259 2451 335 2505 tenui
347 2450 466 2506 deducta
481 2459 606 2522 poemata
618 2450 678 2517 filo,
874 2459 915 2505 225

98 2542 191 2597 quum
201 2543 357 2598 speramus,
370 2544 403 2581 eo
413 2537 634 2589 remeaturum,
647 2526 859 2598 utsimulatque

99 2602 227 2657 carmina
238 2602 368 2657 rescieris
379 2619 430 2658 nos
441 2602 556 2675 langere,
569 2601 733 2657 commodus
744 2602 818 2658 ultro

99 2694 228 2733 accessus
238 2687 358 2752 elegere
368 2688 445 2733 vetes
458 2686 485 2732 et
494 2676 619 2732 scribere
629 2693 723 2750 cogas.

99 2752 159 2809 Sed
170 2764 264 2810 tamen
275 2763 317 2809 ost
326 2771 427 2825 operae
438 2754 558 2825 pretium
570 2768 746 2826 cognoscere,
758 2753 857 2823 quales

99 2828 232 2885 aedituos
243 2828 345 2885 habeat
356 2829 423 2885 belli
435 2837 558 2899 spectata
568 2827 701 2898 domique
874 2837 916 2881 23⁰
