2159 3150
344 292 479 337 LIBER
517 295 553 338 iv

108 392 299 449 comissabere
309 392 434 456 Maximi.

147 470 173 522 si
185 478 288 523 torrere
299 469 377 522 iecur
387 469 500 539 quoeris
511 467 642 524 idoneum

109 547 239 614 Namque
250 552 277 597 et
287 541 391 596 nobilis
401 553 429 598 et
442 542 545 598 decens

148 630 177 674 et
190 635 241 690 pro
250 617 380 673 soiiicitis
391 634 446 672 non
457 620 558 673 tacitus
568 621 623 674 reis

108 703 137 750 et
147 703 262 749 centum
271 709 343 764 puer
352 693 455 747 artium

150 770 205 824 late
216 770 296 842 signa
308 767 376 823 ieret
387 768 505 824 miiitiae
516 779 594 824 tuae:

110 855 137 900 et
148 844 318 916 quandoque
328 844 466 914 potentior

149 920 237 993 largis
248 917 414 973 muneribus
424 921 518 975 riserit
528 919 642 983 aemuli,

111 995 237 1050 Albanos
247 1011 333 1065 prope
344 1002 370 1049 te
384 993 462 1049 iscus

149 1081 235 1142 ponet
245 1085 426 1125 marmoream
436 1069 491 1125 sub
502 1070 580 1126 trabe
590 1070 702 1144 Cypria.

111 1147 175 1201 iilic
186 1146 307 1217 piurima
319 1144 435 1199 naribus

149 1221 238 1276 duces
249 1220 340 1284 thura,
356 1219 489 1293 lyraeque
502 1230 529 1276 et
541 1221 719 1294 Berecyntiae

111 1294 290 1352 delectabere
300 1294 386 1350 tibiae

150 1371 250 1426 mixtis
261 1369 444 1434 carminibus,
460 1387 514 1426 non
522 1372 586 1426 sine
597 1371 702 1427 fistula:

111 1448 175 1502 iliic
186 1447 231 1500 bis
241 1446 323 1518 pueri
335 1445 382 1501 die

150 1539 256 1578 numen
268 1538 331 1575 cum
343 1522 446 1575 teneris
457 1520 618 1595 virginibus
628 1530 708 1577 tuum

111 1594 470 1669 laudentespedeoandido
706 1660 709 1665 ,

150 1676 180 1728 in
191 1690 297 1728 morem
309 1672 416 1727 Salium
427 1680 469 1727 ier
477 1673 603 1743 quatiam
614 1672 741 1727 humum.

111 1752 156 1805 Me
168 1766 220 1803 nec
234 1747 338 1803 femina
350 1764 402 1803 nec
412 1763 482 1819 puer

151 1827 217 1888 iam,
230 1840 283 1878 neo
292 1840 358 1894 spes
369 1822 455 1877 animi
465 1820 579 1877 credula
590 1822 692 1885 mutui,

111 1917 167 1955 nec
177 1909 283 1954 certare
295 1900 373 1954 iuvat
382 1914 467 1961 mero¹

153 1992 206 2030 nec
216 1974 323 2029 vincire
335 1973 416 2028 novis
426 1980 550 2044 tempora
561 1969 687 2028 floribus.

112 2049 171 2106 Sed
182 2066 243 2113 cur,
255 2048 326 2104 hen!
348 2048 491 2121 Ligurine,
507 2064 557 2102 cur

152 2134 249 2181 manat
258 2142 319 2179 rara
330 2140 406 2178 meas
416 2122 537 2196 lacryma
549 2140 598 2195 per
609 2118 712 2196 genae?

113 2218 167 2256 cur
178 2199 298 2256 fecunde
308 2215 407 2271 purum
420 2198 519 2253 decoro

154 2278 229 2330 inter
238 2274 323 2330 verba
334 2272 409 2329 cadit
419 2273 516 2346 lingua
526 2270 655 2328 silentio?

112 2351 267 2406 Nocturnis
278 2366 330 2423 ego
340 2348 458 2404 somniis

155 2427 213 2481 iam
224 2434 336 2497 captum
346 2433 437 2488 teneo,
449 2426 505 2477 iam
516 2422 658 2477 volucrem
669 2436 770 2492 sequor

113 2512 142 2558 te
153 2518 206 2573 per
214 2502 341 2574 gramina
350 2499 443 2557 Martii

157 2577 259 2649 campi,
270 2585 297 2631 te
308 2592 358 2648 per
368 2591 465 2647 aquas.
478 2572 557 2637 dure,
571 2569 722 2626 volubiles.

373 2756 544 2775 m-
