2159 3150
216 304 265 355 238
427 308 754 354 EPISTOLARUM

218 427 266 481 prr
277 424 351 462 mare
362 409 522 480 pauperiem
535 408 656 481 fugiens,
665 426 714 480 per
723 427 799 472 saxa,
813 426 862 481 per
874 412 972 484 ignes:

218 502 251 538 ne
262 500 341 537 cures
352 500 393 545 ea,
409 500 480 554 quae
491 485 575 539 stulte
587 485 696 539 miraris
708 493 735 539 et
744 493 834 557 optas,

215 561 323 614 discere
333 567 360 613 et
370 558 467 613 audire
480 568 507 614 et
518 559 627 615 meliori
639 560 752 615 credere
763 577 818 616 nou
830 559 895 615 vis?

216 635 284 701 Quis
296 635 400 689 circum
412 650 498 707 pagos
509 644 536 688 et
546 635 653 688 circum
663 636 783 707 compita
794 652 911 708 pugnax

160 723 186 765 5ο
221 727 320 783 magna
332 710 456 765 coronari
467 719 625 765 contemnat
634 709 775 782 Olympia.
787 712 834 764 cui
843 728 919 782 spes,

216 788 261 841 cui
274 788 311 840 sit
321 784 443 840 conditio
455 784 547 840 dulcis
557 786 619 840 sine
629 786 747 857 pulvere
757 785 885 858 palmae?

217 862 308 916 Vilius
322 868 466 934 argentum
478 869 520 915 est
530 878 606 925 auro,
619 862 773 916 virtutibus
783 879 893 916 aurum.

174 962 177 969 ν
218 936 253 992 »Ο
264 937 350 999 cives,
364 937 449 995 cives,
462 935 622 1007 quaerenda
633 938 750 1008 pecunia
762 938 885 1008 primum
895 946 952 1003 est3

218 1012 522 1083 nvirtuspostnummos
531 1014 554 1066 lu
564 1013 858 1067 Haeclauussummus
868 1012 902 1067 ab
915 1014 974 1066 imo

160 1100 186 1142 55
215 1087 355 1159 prodocet,
364 1087 431 1141 haec
443 1088 571 1142 recinunt
582 1089 699 1143 iuvenes
709 1087 810 1142 dictata
821 1104 972 1160 senesque,

220 1161 308 1237 [laevo
320 1163 451 1234 suspensi
464 1163 569 1218 loculus
578 1162 746 1234 tabulasque
757 1160 881 1238 lacertu]

217 1240 267 1293 Est
277 1238 387 1293 animus
398 1238 461 1301 tibi,
473 1248 539 1293 sunt
549 1255 640 1295 mures
649 1249 677 1293 et
687 1238 783 1311 lingua
796 1238 936 1309 fidesque:

218 1314 268 1369 sed
278 1313 492 1387 quadringentis
501 1331 553 1368 sex
562 1323 669 1385 septem
680 1314 769 1369 millia
780 1313 894 1378 desunt3

217 1389 297 1462 plebs
308 1390 375 1443 eris.
405 1390 439 1444 At
449 1391 528 1461 pueri
541 1388 682 1444 ludentes:
698 1407 762 1444 »rex
775 1390 845 1443 eris«
856 1391 945 1452 ailant,

162 1476 188 1519 uu
218 1467 341 1519 »sirecte
353 1462 463 1519 iacies«
494 1466 546 1520 Hic
556 1482 653 1519 murus
663 1464 785 1520 aheneus
799 1474 871 1519 este:

220 1541 259 1596 nil
271 1541 395 1596 conscire
407 1540 473 1602 sibi,
485 1540 562 1596 nulla
575 1542 726 1613 pallescere
737 1540 831 1613 culpa.

222 1618 329 1681 Roscia,
343 1617 389 1670 dic
400 1616 491 1681 sodes,
505 1617 604 1672 melior
615 1618 670 1681 lex,
687 1635 722 1672 an
733 1634 882 1688 puerorum
892 1626 936 1672 est

222 1693 314 1757 nenia,
326 1709 398 1763 quae
409 1709 526 1766 regnum
538 1701 611 1747 recte
622 1693 789 1748 facientibus
799 1692 886 1755 offert,

221 1777 248 1824 et
258 1769 383 1824 maribus
395 1768 488 1824 Curiis
498 1778 525 1822 et
535 1768 680 1823 decantata
693 1766 840 1824 Camillis?

165 1855 190 1898 55
220 1846 282 1899 lsne
293 1845 346 1898 tibi
358 1844 459 1898 melius
469 1844 578 1907 suadet,
590 1845 655 1916 qui:
672 1844 753 1898 »Rem
766 1843 862 1905 iacias,
875 1861 945 1905 rem,

222 1921 259 1974 asi
271 1921 372 1993 possis,
385 1928 471 1986 recte3
484 1921 507 1973 si
520 1937 585 1983 non,
596 1932 774 1992 quocumque
785 1919 947 1980 madorem,

222 2004 267 2050 aut
278 1996 393 2068 propius
404 2004 513 2067 spectes
528 1996 673 2051 lacrimosa
683 2003 809 2067 poemata
820 1995 891 2066 Pupi
899 2012 928 2061 3«

223 2089 257 2126 an
267 2071 327 2143 qui,
339 2071 464 2126 lurtume
475 2080 502 2126 te
513 2087 676 2142 responsare
687 2070 824 2142 superbae

222 2147 341 2202 liberum
354 2155 380 2200 et
391 2155 522 2212 erectum,
538 2163 670 2218 praesens
682 2146 806 2201 hortatur
816 2155 843 2200 et
854 2143 948 2217 aptat?

167 2233 194 2275 ru
224 2221 304 2290 Quod
318 2223 341 2276 si
354 2239 397 2276 me
409 2223 530 2294 populus
542 2224 681 2278 Romanus
693 2221 761 2276 lorte
773 2233 858 2294 roget,
871 2239 922 2274 cur

223 2315 276 2353 non
286 2307 317 2352 ut
327 2298 493 2369 porticibus,
505 2299 547 2352 sic
557 2297 673 2353 iudiciis
685 2296 760 2351 fruar
771 2296 870 2358 isdem,

223 2391 274 2428 nec
285 2389 386 2444 sequar
397 2383 444 2428 aut
454 2372 571 2446 fugiam,
582 2390 655 2445 qnae
666 2372 761 2445 diligit
771 2374 832 2443 ipse
843 2372 887 2426 vel
900 2373 978 2426 odit:

222 2449 289 2503 olim
303 2447 378 2519 quod
392 2449 493 2520 vulpes
504 2459 615 2521 aegroto
625 2457 704 2503 cauta
718 2449 790 2502 leoni

224 2523 377 2594 respondit,
393 2522 524 2578 reseram:
547 2524 618 2590 Quia
629 2543 673 2578 me
687 2525 806 2595 vestigia
817 2531 932 2585 terrent,

167 2608 194 2650 75
224 2600 315 2653 omnia
327 2607 353 2652 te
365 2597 513 2653 adversum
525 2601 687 2671 spectantia,
701 2599 777 2652 nulla
788 2608 950 2652 retrorsum.

225 2674 319 2727 Bellua
331 2672 480 2728 multorum
492 2691 521 2730 es
533 2677 666 2747 capitum.
698 2677 768 2728 Nam
784 2673 854 2744 quid
865 2690 980 2745 sequar,

668 2760 715 2804 aut
727 2747 834 2820 quem‘?

226 2821 290 2874 l'ars
302 2821 444 2876 hominum
454 2825 537 2896 gestit
548 2824 701 2879 conducere
712 2825 839 2896 publica3
851 2833 918 2880 sunt
932 2825 984 2896 qul
