2159 3150
417 302 559 348 LIBER.

153 403 241 457 »Diris
255 418 334 475 ogtm
346 417 409 468 vos;
422 401 483 455 diro
493 401 637 457 detestatio

192 476 556 548 anulinoxpiaturviotime.
892 493 917 546 ⁹0

154 552 253 618 souin,
265 551 314 606 ubi
325 551 417 623 perire
429 551 524 606 iussus
533 553 719 623 exspiravero.

193 634 510 682 »nocturnnsooourrom
519 625 604 691 furor,

153 712 317 774 »petamque
327 701 422 756 vultus
432 701 529 756 umbro
541 702 636 756 curvis
650 704 801 776 unguibus,

192 793 279 848 »quse
289 777 333 831 vis
346 775 461 831 deorum
475 786 516 831 est
526 778 658 841 Manium.

155 861 197 906 »et
210 852 345 924 inquietis
356 850 487 906 adsidens
497 851 667 922 praecordiis

191 943 308 998 »pavore
317 943 428 982 somnos
438 925 572 981 ouierom.

152 1002 223 1056 »Vos
234 1001 314 1057 turbe
324 1001 438 1056 vicatim
449 1001 516 1056 hino
526 1010 553 1056 ot
563 1001 629 1056 hino
639 1004 714 1058 sexis
725 1014 821 1074 petens

192 1076 356 1132 »contundet
364 1076 499 1131 obscenas
513 1094 596 1130 anus:

152 1162 231 1223 »post
242 1152 380 1224 insepulto
391 1152 513 1206 membro
528 1150 655 1206 different
665 1151 723 1224 lupi

192 1238 235 1281 net
247 1226 515 1298 Exquilinnoalites,
877 1239 916 1281 too

73 1303 76 1308 '
152 1317 261 1372 »noque
272 1301 323 1356 hoo
333 1309 471 1374 parentes,
485 1301 538 1355 heu
550 1301 618 1354 mihi
630 1302 801 1372 superstites,

190 1376 565 1449 »effugeritspootsouium«

332 1572 544 1635 Eronos
586 1573 634 1634 Vl.

267 1692 305 1732 tu
327 1691 499 1733 otsstutt
520 1692 709 1733 SEVERUM.

134 1896 241 1931 Invehitur
249 1895 271 1928 in
280 1895 513 1938 enumeremus·
522 1905 606 1939 posnan
614 1897 705 1933 martur.
727 1897 785 1932 Matr.
794 1897 838 1933 xu.

152 1967 236 2042 Quid
245 1978 422 2031 immerentes
432 1976 555 2048 hospites
569 1994 663 2042 vexas,
678 1978 754 2033 oanis

189 2052 310 2123 ignavus
320 2050 468 2106 adversum
480 2050 577 2122 lupos?

150 2125 226 2192 Quin
236 2125 292 2180 huo
302 2126 408 2190 inanes,
423 2126 448 2181 si
458 2135 545 2197 potes,
557 2130 642 2183 vertis
653 2128 752 2191 minos,

190 2211 219 2255 et
229 2217 273 2255 me
283 2218 470 2256 remorsurum
479 2199 570 2272 petis?

149 2276 232 2339 Nam,
245 2276 338 2347 qualis
349 2285 397 2330 out
406 2275 542 2331 Molossus
552 2287 599 2332 out
608 2276 701 2332 fulvus
714 2278 812 2341 Lacon,
902 2290 914 2332 5

190 2350 278 2405 omiss
288 2351 333 2406 vis
343 2350 510 2422 pastoribus,

151 2442 233 2498 agenr
244 2442 294 2497 per
306 2426 375 2481 altos
384 2442 451 2481 oure
460 2425 568 2481 sublato
583 2428 670 2490 nives,
759 2448 761 2453 ¹

189 2517 384 2573 quaecumque
394 2500 540 2571 praecedet
550 2499 615 2556 iere.

151 2576 203 2639 Tu,
216 2592 304 2646 quum
315 2576 438 2630 timendo
450 2594 515 2631 voce
526 2577 669 2647 oomplesti
682 2592 788 2641 nemus,

189 2651 344 2721 proiectum
353 2650 592 2714 odororisoibum.
888 2663 913 2705 to

150 2724 236 2789 Cave,
248 2742 329 2780 osvo:
344 2741 465 2796 nomque
474 2726 503 2780 in
514 2726 601 2780 melos
612 2727 779 2797 asperrimus

191 2810 284 2871 parata
296 2801 361 2855 tollo
371 2816 486 2867 oornue3
