2159 3150
332 299 409 342 ΗΒ.
429 299 462 343 11.
498 298 587 343 snT.
608 298 639 341 V.
808 296 855 347 &tl

106 400 156 471 qui
167 400 297 469 quamvis
309 401 437 469 periurus
448 400 509 459 erit,
522 400 582 452 sine
594 409 684 471 gente,
700 412 831 457 cruentus
887 412 913 457 15

106 477 244 547 sanguine
255 473 382 535 fraterno,
397 474 542 547 fugitivus,
555 491 589 528 ne
603 485 693 529 tamen
707 476 747 529 illi

106 560 136 605 tu
147 566 239 605 comes
250 551 377 611 exterior,
390 552 413 602 si
425 549 555 621 postulet,
572 552 612 603 ire
623 567 745 605 recuses.

104 644 172 681 uun.
190 626 258 680 Utne
274 635 364 699 tegam
380 643 481 697 spurco
496 627 595 679 Damae
613 625 702 679 tatus?
720 628 798 683 Haud
817 630 855 683 ita

602 702 697 755 Troiae

104 794 149 830 me
164 778 253 849 gessi,
270 786 377 831 certans
392 794 502 850 semper
516 776 690 831 melioribus.
715 796 765 830 rm.
780 778 853 851 Ergo

103 869 210 923 pauper
231 853 295 906 eris.
326 870 392 908 uuir.
414 854 522 907 Fortem
537 851 589 907 hoc
605 854 727 907 animum
740 853 854 908 tolerare
882 864 909 909 tt

588 928 703 994 iubebo;

102 1013 129 1058 et
139 1001 281 1073 quondam
292 1004 394 1057 maiora
407 1003 470 1059 tuli.
501 1004 540 1057 Tu
556 1005 690 1075 protinus.
703 1003 778 1059 uude

102 1079 218 1134 divitias
229 1080 356 1149 aerisque
367 1096 455 1141 ruam,
470 1078 516 1133 dio
527 1096 626 1152 augur,
639 1088 762 1134 acervos.

99 1174 150 1209 rm.
165 1154 228 1209 Dixi
240 1154 370 1225 equidem
382 1165 408 1209 et
422 1154 498 1209 dico:
514 1164 607 1226 captes
618 1165 724 1209 astutus
736 1156 841 1227 ubique

100 1237 264 1285 testamenta
278 1248 386 1293 senum,
399 1248 462 1291 neu,
474 1231 497 1284 si
510 1230 587 1284 vafer
597 1248 670 1285 unus
682 1242 708 1285 et
718 1232 786 1286 alter

100 1305 291 1360 insidiatorem
307 1322 433 1377 praeroso
444 1306 547 1379 fugerit
561 1307 651 1368 hamo,
879 1318 905 1361 25

98 1386 149 1436 aut'
156 1398 236 1453 spem
248 1382 369 1453 deponas
381 1393 427 1436 aut
441 1392 525 1436 artem
538 1381 638 1435 illusus
648 1384 768 1437 omittas.

97 1458 198 1529 Magna
211 1459 334 1512 minorve
346 1457 403 1512 loro
416 1459 440 1511 si
452 1475 495 1512 res
506 1458 657 1511 certabitur
666 1458 742 1521 olim,

97 1534 176 1588 vivet
187 1542 249 1588 uter
261 1533 384 1606 locuples
395 1535 455 1588 sine
465 1535 566 1606 gnatis,
580 1534 733 1604 improbus,
748 1533 818 1589 ultro

96 1610 146 1681 qui
160 1611 302 1664 meliorem
314 1611 405 1665 audax
417 1620 495 1664 vocet
506 1613 534 1664 in
547 1612 601 1673 ius,
614 1610 693 1664 illius
704 1620 762 1664 esto

95 1683 240 1751 defensum
255 1685 327 1740 lama
339 1687 428 1740 civem
441 1703 594 1756 caussaque
605 1687 724 1756 priorem
789 1704 792 1714 ·
877 1699 903 1743 3⁰

95 1777 206 1832 sperne,
219 1761 294 1815 domi
307 1763 331 1815 si
341 1772 442 1834 gnatus
453 1765 505 1816 erit
517 1760 688 1837 foecundave
698 1763 811 1816 coniux.

94 1836 241 1904 »Quinctea
260 1848 340 1908 puta,
370 1845 416 1890 aut
438 1837 549 1892 »Publio
568 1837 705 1909 (gaudent
730 1855 846 1908 praeno-

594 1913 667 1967 mine
677 1912 775 1967 molles

94 1987 246 2060 auriculae)
257 1988 323 2042 »tibi
336 2005 380 2042 me
391 1990 479 2042 virtus
493 1996 538 2042 tua
554 1987 620 2043 lecit
633 1989 767 2042 amicum:

92 2065 152 2118 aius
164 2080 267 2136 anceps
278 2065 352 2124 novi,
366 2080 478 2118 caussas
489 2063 638 2119 defendere
649 2081 775 2134 possum:

92 2140 208 2210 »eripiet
217 2140 312 2210 quivis
322 2140 418 2194 oculos
429 2139 512 2194 citius
523 2140 603 2203 mihi,
619 2157 702 2211 quam
714 2149 740 2194 te
873 2152 898 2195 35

91 2225 275 2269 »contemtum
289 2232 366 2269 cassa
377 2231 446 2269 nuce
461 2225 607 2286 pauperet:
630 2217 697 2270 haec
708 2233 767 2269 mea
778 2233 843 2270 cura

589 2301 639 2354 est,

89 2365 225 2437 »nequid
241 2373 271 2420 tu
285 2364 400 2436 perdas,
418 2367 522 2420 nensis
536 2367 644 2420 iocus«
674 2368 715 2420 lre
726 2366 839 2421 domum

589 2453 671 2513 atque

82 2515 252 2588 pelliculam
267 2533 363 2570 curare
375 2517 455 2578 iube;
468 2516 485 2570 li
497 2519 623 2590 cognitor
632 2521 708 2589 ipse,

86 2603 181 2663 persta
192 2602 274 2662 atque
285 2591 402 2655 obdura,
417 2609 465 2647 seu
479 2593 562 2647 rubra
574 2593 705 2648 Canicula
716 2591 801 2648 findet

85 2667 209 2722 inientes
220 2677 335 2730 statuas,
351 2685 400 2722 seu
412 2669 511 2741 pingui
520 2679 613 2723 tentus
623 2686 717 2724 omaso
867 2676 894 2724 lt

84 2744 189 2798 Furius
205 2743 337 2798 hibernas
349 2761 415 2798 cana
428 2745 492 2798 nive
506 2754 641 2816 conspuet
650 2745 745 2815 Alpes.

83 2819 299 2875 »Nonnevidesu
311 2820 514 2891 aliquiscubito
520 2831 636 2874 stantem
644 2838 729 2891 prope
739 2831 854 2892 tangens
