2159 3150
252 285 285 338 ll
531 290 719 336 ODARUll

291 391 423 464 quisquis
433 390 561 464 ingentes
571 389 651 446 oculo
663 391 788 446 inretorto

364 475 469 537 spectat
478 482 602 520 acervos.

520 745 637 806 ODE
680 746 731 804 lll.

459 877 799 930 anapsnaluar.

241 1138 334 1182 marna
347 1146 384 1182 par
398 1136 463 1172 onata
472 1135 560 1170 astum
573 1143 618 1170 ssu
630 1135 749 1169 arvandum
758 1135 827 1180 deest,
841 1138 969 1184 aulamque
976 1141 1001 1176 ιι

362 1201 413 1235 vltst
421 1200 448 1234 ati
455 1199 547 1234 hilaritas
555 1207 623 1234 m
631 1198 746 1233 bibenda.
768 1198 827 1235 flete.
841 1201 893 1237 m

291 1292 422 1371 Aequam
434 1305 572 1352 memento
582 1296 666 1351 rebus
675 1297 704 1350 in
715 1295 811 1351 arduis

289 1391 400 1430 servare
412 1381 542 1436 mentem,
556 1388 609 1426 non
621 1387 702 1426 secus
717 1372 745 1426 in
757 1372 838 1429 bonis

330 1449 365 1504 ab
377 1447 507 1503 insolenti
522 1455 701 1518 temperatam

367 1523 481 1588 laetitia,
494 1522 627 1578 moritura
639 1521 718 1586 pelli,

291 1634 342 1673 seu
353 1625 475 1673 moestus
485 1616 561 1671 omni
574 1623 696 1687 tempore
707 1615 822 1679 vixeris,

291 1709 343 1748 seu
353 1700 379 1748 ta
391 1692 419 1747 in
431 1699 534 1747 remoto
544 1692 670 1763 gramine
681 1707 731 1762 per
742 1689 803 1745 dies

330 1766 413 1824 lestos
424 1766 588 1821 reclinatum
600 1765 692 1820 bearis

369 1844 499 1897 interiora
510 1848 573 1896 nota
585 1840 705 1896 Falerni.

291 1932 351 2003 Quo
362 1934 446 2007 pinus
458 1934 557 2006 ingens
568 1932 687 2004 albaque
698 1932 819 2004 populus

291 2008 419 2065 umbram
431 2008 597 2080 hospitalem
608 2009 765 2063 consociare
775 2016 868 2063 amant

329 2084 422 2149 ramis,
436 2091 463 2139 et
472 2084 588 2156 obliquo
598 2081 704 2138 laborat

368 2158 482 2235 lympha
494 2158 580 2232 fugax
591 2156 728 2230 trepidare
740 2158 815 2213 rivo:

291 2252 346 2308 hue
356 2253 421 2307 vina
432 2261 459 2308 et
469 2259 610 2325 unguenta
622 2257 648 2305 et
660 2250 778 2304 nimium
789 2247 884 2304 brevis

293 2325 373 2383 llores
383 2343 512 2384 amoenos
523 2326 594 2381 ierne
606 2326 672 2380 iube
684 2341 771 2388 rosae,

328 2403 395 2458 tlum
407 2420 450 2457 res
462 2410 488 2458 et
500 2410 574 2456 aetas
585 2408 611 2456 et
621 2414 746 2455 sororum

369 2477 415 2533 lila
427 2478 510 2533 trium
522 2476 666 2548 patiuntur
676 2482 744 2529 atra.

294 2568 381 2627 Cedas
391 2570 505 2625 coemtis
516 2567 635 2622 saltibus
646 2574 673 2621 et
684 2565 765 2621 domo

295 2643 429 2716 villaque,
442 2641 530 2698 flavus
539 2658 624 2713 quam
635 2641 744 2696 Tiberis
755 2639 837 2707 lavim

331 2717 413 2775 cedes
426 2727 452 2773 et
462 2718 611 2773 exstructis
622 2717 651 2770 in
662 2717 748 2771 altum

196 2805 226 2850 2⁰
367 2792 475 2847 divitiis
487 2792 608 2863 potietur
618 2790 709 2845 heres.
