2159 3150
352 285 559 331 POETICA.
783 283 830 335 30⁴

81 387 143 442 Non
153 385 227 440 alius
239 385 339 439 laceret
348 385 461 439 meliora
472 395 613 456 poemate3
632 402 729 440 verum

82 461 122 516 nil
135 461 205 515 tanti
216 470 267 514 est.
298 460 371 532 Ergo
383 459 482 532 iungar
493 461 555 513 vice
564 468 644 522 cotis,
656 470 767 515 acutum

81 534 199 591 reddere
210 551 282 605 quae
293 533 397 588 ferrum
407 535 490 596 valet,
503 551 599 588 exsors
613 535 674 605 ipse
682 536 811 595 secandi:
849 549 889 592 305

81 627 186 665 munus
197 616 224 664 et
233 608 367 672 officium,
380 609 419 663 nil
430 609 557 663 scribens
568 609 638 680 ipse,
651 611 765 675 docebo,

80 684 156 740 unde
166 692 298 755 parentur
307 700 384 754 opes,
401 683 471 755 quid
481 685 536 739 alat
547 682 700 756 formetque
711 694 830 756 poetam,

80 759 151 832 quid
162 759 267 822 decent,
279 758 348 829 quid
360 775 424 822 non,
434 775 490 829 quo
500 759 663 829 virtusque
674 758 833 816 ieraterror.

119 833 269 888 Scribendi
278 841 351 888 reete
361 850 458 904 sapere
468 834 830 905 estetprincipiumetlons:
925 894 928 898 A

80 926 139 964 rem
155 908 208 962 tibi
219 907 375 963 Socraticae
386 917 515 979 poterunt
528 908 673 963 ostendere
682 909 803 974 chartae,
848 922 889 966 313

80 983 225 1054 verbaque
233 983 374 1054 provisam
385 1000 444 1038 rem
454 1000 508 1038 non
518 983 607 1037 invita
618 992 779 1054 sequentur.

80 1056 154 1124 Quid
167 1057 276 1120 didicit,
288 1059 393 1129 patriae
404 1057 473 1130 quid
484 1055 593 1120 debeat,
606 1059 711 1128 etquid
722 1059 830 1123 amicis,
919 1099 923 1105 .

79 1132 831 1206 quesitamoreperens‚quofrateremandusetlrospes,

79 1207 157 1280 quod
167 1208 204 1262 sit
214 1209 374 1278 conscripti,
386 1207 462 1278 quod
475 1207 579 1262 iudicis
588 1206 727 1272 officium,
742 1227 814 1281 quae

78 1291 174 1354 partes
184 1285 214 1336 in
225 1282 330 1337 bellum
342 1283 422 1337 missi
432 1283 527 1350 ducis;
544 1282 593 1336 ille
603 1281 726 1353 profecto
848 1295 889 1340 315

79 1356 199 1412 reddere
209 1373 342 1428 personae
353 1359 405 1412 scit
419 1358 612 1412 convenientis
622 1358 735 1427 cuique.

79 1433 230 1502 Respicere
240 1432 384 1503 exemplar
393 1433 466 1486 vitoe
476 1447 640 1502 morumque
650 1432 754 1488 iubebo
857 1493 860 1497 ἴ

78 1505 194 1562 doctum
204 1507 380 1569 imitatorem,
393 1514 419 1561 et
434 1507 513 1562 vivas
523 1507 591 1561 hinc
600 1506 704 1561 ducere
714 1525 806 1564 voces.

78 1582 224 1638 Interdum
234 1583 359 1653 speciosa
371 1582 439 1637 locis
449 1591 610 1653 morataque
620 1586 693 1637 recte

78 1656 186 1721 fabula,
200 1657 306 1711 nullius
316 1657 441 1721 Veneris,
455 1658 517 1711 sine
528 1656 650 1728 pondere
661 1667 688 1712 et
699 1667 765 1721 arte,
847 1669 888 1714 333

78 1732 193 1787 valdius
204 1731 323 1788 oblectat
333 1732 469 1803 populum
480 1732 638 1803 meliusque
648 1742 777 1796 moratur,

79 1824 166 1878 quem
176 1824 274 1862 versus
284 1807 382 1878 inopes
391 1824 484 1861 rerum
496 1823 643 1879 nugaeque
652 1822 778 1863 canorae.

78 1882 174 1939 Graiis
184 1882 338 1955 ingenium,
354 1881 446 1937 Graiis
460 1881 537 1937 dedit
548 1898 595 1936 cre
605 1880 723 1935 rotundo

77 1958 160 2013 illusa
171 1954 259 2027 loqui,
271 1965 378 2028 praeter
388 1956 499 2011 leudem
510 1955 617 2010 nullius
628 1956 730 2009 avaris.

78 2032 197 2086 Romani
208 2032 288 2102 pueri
300 2030 391 2103 longis
404 2030 558 2086 rationibus
569 2047 660 2085 assem
847 2040 888 2085 323

78 2106 194 2161 discunt
207 2106 236 2159 in
246 2114 338 2176 partes
349 2114 458 2161 centum
471 2105 615 2160 diducere.
644 2105 734 2159 »Dicat

78 2180 171 2236 »filius
183 2178 291 2235 Albini:
312 2180 343 2235 Si
354 2178 389 2234 de
399 2180 557 2251 quincunce
567 2187 670 2235 mmota
681 2188 723 2234 est

78 2256 188 2319 nuncia,
200 2253 424 2326 quidsuperatfin
441 2257 548 2310 Poterat
557 2254 678 2401 diffissa:
696 2254 833 2307 »triens«

616 2330 672 2382 Eul

78 2420 139 2459 rem
149 2404 253 2474 poteris
263 2420 374 2458 seruere
384 2412 469 2459 tunm.
499 2401 580 2457 Redit
589 2404 682 2466 uncie,
696 2400 765 2473 quid
776 2399 824 2458 fit?

77 2476 387 2551 {Seme-Athaco
397 2479 612 2550 animosaerug'o
622 2485 724 2532 etcum
734 2476 827 2547 peculi
847 2485 888 2529 333

78 2569 168 2623 quum
179 2552 265 2607 semel
277 2552 419 2615 imbuerit,
437 2568 582 2624 speramus
592 2551 714 2607 carmina
725 2550 793 2625 fingi

78 2643 162 2697 posse
179 2626 292 2683 linenda
303 2627 385 2681 cedro
396 2635 422 2682 et
433 2627 488 2682 levi
498 2626 636 2681 servanda
649 2624 799 2697 cupresso?

117 2701 172 2756 Ant
184 2700 314 2771 prodesse
327 2701 424 2757 volunt
435 2710 482 2755 aut
491 2700 629 2755 delectare
638 2709 746 2771 poetae,

79 2776 224 2831 autsimul
236 2775 432 2833 et'iucnndaet
442 2774 539 2829 idonea
551 2774 644 2829 dicere
655 2776 741 2829 vitoe.

932 2955 1068 3119 fl
