2159 3150
514 307 699 354 Onniton

264 427 320 482 quo
332 409 410 466 bruta
422 407 505 465 tellus
514 417 542 465 et
552 424 622 482 vaga
634 406 758 471 flumina.

265 502 321 558 quo
332 485 402 560 Styx
411 494 438 540 et
448 484 534 540 invisi
546 483 658 540 horrida
669 486 784 539 Taenari

303 560 383 616 sedes
395 559 597 631 Atlanteusque
611 559 674 614 finis

341 636 507 692 concutitur.
549 635 627 690 Valet
641 635 696 690 ima
706 635 828 690 summis

265 737 381 792 mutare,
394 736 422 783 et
432 727 572 801 insignem
582 735 705 783 attenuat
714 725 794 792 deus,

265 803 383 860 obscura
397 819 540 875 promens:
564 804 748 875 hincnpicem
759 820 846 875 rapax

171 890 197 934 ts
305 880 424 934 Fortuna
436 895 499 933 cum
510 878 628 934 stridore
641 887 722 934 acuto

341 953 463 1018 sustulit,
477 953 523 1009 hic
536 955 664 1025 posuisse
674 952 787 1028 gaudet.

458 1203 529 1264 OD
552 1204 577 1264 E
618 1204 747 1264 XXXV.

384 1322 427 1362 sn
445 1322 628 1364 noanneane
647 1321 828 1363 animract.

227 1561 327 1599 Fortunae
337 1561 427 1607 potantia
436 1561 518 1598 uberim
531 1561 624 1606 laudata,
643 1563 737 1606 praester
745 1569 789 1597 aem
798 1563 821 1596 nt
832 1561 886 1597 atati
893 1560 990 1606 Anasta

263 1628 284 1663 in
296 1626 420 1662 unuani-n
437 1627 565 1673 protectura,
584 1629 605 1662 et
619 1627 642 1660 nt
655 1626 735 1661 omma
746 1634 802 1661 eru
815 1627 841 1662 ab
853 1627 942 1663 munt·
960 1628 989 1664 aa
1070 1665 1071 1672 ἵ

264 1693 348 1727 externe
356 1690 411 1727 uella
420 1692 570 1726 convertantur.
594 1690 653 1724 uon.
660 1690 713 1725 XVI.

267 1779 382 1853 Odius,
394 1796 503 1863 gratum
515 1805 587 1860 quac
598 1788 673 1861 regis
683 1787 805 1854 Antium,

265 1882 398 1937 praesens
410 1864 453 1920 vel
466 1864 521 1919 imo
532 1864 628 1919 toliere
639 1862 673 1919 de
684 1863 773 1938 mado

307 1940 421 1996 mortale
432 1956 543 2011 corpus,
556 1939 601 1995 vel
610 1938 747 2011 superbos

345 2025 450 2071 vertere
464 2014 611 2071 funeribus
624 2014 797 2087 triumphos:
808 2046 845 2059 -

171 2136 172 2139 ¹
267 2119 293 2165 te
304 2125 409 2181 pauper
420 2108 641 2163 ambitsoiiicita
654 2125 737 2180 prece

269 2187 341 2240 ruris
351 2185 475 2247 colonus,
489 2193 524 2247 tc,
537 2184 679 2239 dominam
690 2183 829 2256 aequoris,

306 2260 477 2333 quicumque
489 2260 607 2333 Bithyna
619 2259 729 2315 incessit

344 2335 523 2408 Carpathium
534 2336 652 2409 pelagus
662 2336 767 2392 carina.

268 2432 305 2485 Te
316 2430 405 2485 Dacus
416 2446 506 2501 asper,
520 2437 546 2483 te
558 2427 669 2502 proiugi
680 2427 810 2502 Scythae,

269 2504 408 2577 urbesque
419 2515 573 2578 gentesque
583 2514 609 2560 ct
620 2506 729 2561 Latium
744 2503 830 2567 ieron,

306 2597 459 2655 regumque
471 2590 572 2636 matres
583 2580 764 2637 barbarorum
774 2588 802 2634 at

345 2656 478 2728 purpurei
491 2665 619 2711 metuunt
629 2656 749 2731 tyranni,

268 2748 404 2803 iniurioso
415 2765 448 2803 ne
460 2748 531 2819 pedo
542 2765 657 2820 proruas

269 2832 386 2878 stantem
398 2824 566 2887 columnam,
580 2840 634 2877 neu
646 2824 768 2895 poputus
778 2820 911 2891 irequens
