2159 3150
392 287 527 333 LIBER
567 291 584 334 l.

356 563 472 623 01)ss
514 566 613 625 XXll.

260 678 308 720 an
329 681 518 721 an1su1uu
539 683 698 725 nuscuu.

102 915 224 951 (intulatur
234 915 280 958 albi,
294 915 346 957 quoa
359 925 433 960 nuper,
452 917 498 950 dum
507 917 596 960 Lalagen
605 922 701 964 enimi,
711 922 789 966 ablupe
801 924 855 958 lum

139 979 214 1020 marin
229 987 347 1021 semperque
360 979 399 1014 albi
414 980 501 1022 Lalagen
515 990 559 1016 ana
574 984 676 1018 mandam
693 986 772 1020 amali.
796 986 854 1022 uem.

139 1043 203 1077 xvu.

144 1113 259 1195 Integer
273 1123 345 1178 vilae
356 1122 525 1194 scelerisque
533 1141 621 1195 purus

146 1213 200 1252 nen
211 1205 273 1270 egel
282 1198 384 1252 Mauris
396 1198 505 1261 iaculis,
516 1217 606 1270 neque
617 1219 692 1267 arcu,

144 1289 196 1326 nec
208 1274 350 1326 venenatis
361 1273 476 1345 gravida
487 1275 606 1345 sagittis,

221 1347 318 1410 Fusae,
331 1346 471 1418 pharetram

144 1438 206 1491 sive
216 1453 266 1508 per
277 1437 371 1510 Syrtes
382 1439 434 1492 iter
445 1447 593 1503 aestuosas.

144 1513 207 1566 sive
219 1511 341 1566 facturus
352 1529 402 1584 per
414 1511 610 1584 inhospitalem

144 1586 299 1643 Caucasum
310 1588 352 1642 vel
364 1604 436 1659 quae
448 1587 504 1643 loca
515 1587 658 1645 fabulosus

222 1662 319 1717 lambit
330 1662 483 1735 Hydaspes.

143 1755 270 1825 Namque
281 1770 325 1809 me
335 1753 406 1808 silva
421 1753 504 1825 lupus
515 1756 544 1807 in
556 1754 668 1820 Sabina.

143 1828 211 1883 dum
223 1845 312 1897 meam
324 1837 403 1883 cante
414 1829 532 1901 Lalagen
547 1838 574 1883 et
588 1831 657 1885 ultra

143 1904 292 1957 terminum
304 1904 378 1957 euris
388 1919 473 1977 vagor
484 1905 633 1976 expeditis,

220 1977 448 2051 iugilinermem:

143 2070 226 2142 quale
238 2078 392 2140 portentum
404 2086 494 2141 neque
505 2070 633 2126 militans

142 2145 263 2198 Daunias
275 2144 337 2197 latis
348 2144 397 2199 alii
411 2144 567 2209 aesculetis,

143 2236 194 2273 nee
204 2218 288 2273 lubae
299 2218 381 2273 tellus
391 2228 514 2291 generat,
525 2218 635 2274 leonum

218 2291 295 2348 arida
309 2293 413 2347 nutrix.

144 2385 217 2439 Pone
228 2401 282 2448 me,
294 2385 383 2456 pigris
395 2383 443 2438 ubi
456 2384 530 2439 nulla
543 2386 649 2456 campis

144 2459 225 2513 arbor
236 2459 341 2513 aestiua
352 2466 490 2513 recreatur
500 2476 576 2524 aura,

144 2534 219 2606 quod
229 2534 301 2589 lalus
312 2532 410 2587 mundi
425 2532 543 2588 nebulae
557 2535 702 2604 malusque

218 2609 446 2681 luppiterurgel3

144 2716 216 2771 pone
227 2698 281 2753 sub
291 2716 374 2753 curru
386 2700 504 2753 nimium
516 2701 665 2769 propinqui

143 2774 220 2837 sulis,
241 2775 270 2827 in
282 2783 353 2829 lerna
364 2773 494 2828 domibus
506 2782 615 2844 negata:
