2159 3150
218 319 268 370 ibi
487 322 541 366 DE
570 321 690 367 ARTE

220 421 358 494 fingentur
370 422 489 491 species,
501 431 531 476 ut
543 438 594 477 uec
604 438 653 492 pes
664 438 716 475 nec
725 431 808 492 caput
819 422 868 476 uni

218 496 350 552 reddatur
364 493 477 551 formae.
509 497 680 552 »Pictoribus
691 504 773 568 atque
784 499 873 568 poetis

162 584 189 627 ¹0
221 571 377 643 »quidlibet
386 570 508 624 audendi
520 587 631 642 semper
642 570 695 626 fuit
705 588 793 642 aequa
804 580 954 642 potestas«

219 645 346 709 Scimus,
367 653 394 700 et
409 645 480 700 hanc
495 647 607 701 veniam
622 647 800 717 petimusque
815 645 974 719 damusque

662 738 798 785 arcrssrm,

218 794 333 850 sednon
344 803 376 850 ut
384 794 505 866 placidis
516 803 613 850 coeant
623 796 751 859 immitia,
764 813 818 851 non
829 805 860 850 ut

217 878 359 942 serpentes
373 869 473 924 avibus
484 871 670 942 geminentur,
684 871 805 943 tigribus
816 871 893 942 agni,

217 945 339 1016 Inceptis
350 945 484 1017 gravibus
495 943 660 1016 plerumque
671 953 699 999 et
709 962 808 1017 magna
820 944 955 1016 professis

162 1030 187 1074 15
217 1037 386 1091 purpureae,
403 1020 456 1074 lata
466 1020 515 1090 qui
526 1019 681 1090 splendeat,
696 1038 768 1074 unus
778 1029 805 1074 et
815 1021 894 1084 alter,

219 1094 348 1150 adsuitur
355 1111 474 1165 pannus,
490 1110 578 1165 quum
591 1094 672 1149 lucus
683 1103 710 1149 et
720 1112 765 1149 ara
777 1096 878 1149 Dianae

219 1179 246 1225 et
256 1170 430 1241 properantis
442 1185 530 1241 aquae
541 1186 591 1240 per
601 1186 730 1225 amoenos
746 1169 867 1225 ambitus
879 1186 971 1242 agros,

219 1253 266 1300 aut
276 1242 379 1298 flumen
384 1244 512 1298 libanum
523 1253 570 1299 aut
580 1244 869 1316 pluviusdescribitur
879 1262 972 1301 arcus.

220 1319 624 1375 Sednuncnonerathislocus.
645 1319 972 1391 Etfortaseecupressum

162 1405 189 1450 2⁰
218 1395 275 1449 scis
285 1394 432 1449 simulare:
449 1393 520 1466 quid
532 1394 593 1458 hoc,
609 1394 634 1448 si
646 1392 739 1449 fractis
750 1404 841 1450 enatat
852 1412 953 1466 exspes

220 1469 350 1533 navibus,
363 1486 424 1523 aere
436 1469 499 1523 dato
511 1471 562 1540 qui
572 1467 716 1541 pingitur?
729 1469 870 1541 Amphora
880 1470 973 1542 coepit

219 1544 343 1599 institui:
360 1551 488 1600 currente
501 1551 559 1600 rota
570 1560 620 1599 cur
629 1560 730 1599 urceus
741 1543 818 1600 exit‘l

219 1621 345 1689 Denique
356 1620 392 1673 sit
403 1619 523 1689 quodvis
534 1620 657 1691 simplex
668 1620 811 1675 dumtaxat
820 1629 847 1675 et
858 1637 956 1675 unum.

256 1694 973 1768 Maximaparsvatum,pateretiuvenespatredigni,

163 1779 190 1824 25
221 1769 378 1840 decipimur
386 1771 480 1840 specie
491 1770 570 1825 recti.
599 1770 695 1825 Brevis
706 1786 768 1825 esee
781 1771 885 1835 laboro,

220 1844 357 1899 obscurus
368 1844 417 1911 lio;
433 1853 585 1899 sectantem
600 1843 672 1899 levia
683 1845 763 1900 nervi

221 1918 355 1975 deliciunt
365 1919 520 1991 animique,
534 1917 677 1991 professus
687 1918 804 1992 grandia
815 1927 921 1991 turget;

219 1996 306 2065 serpit
320 1995 399 2049 humi
411 2002 487 2049 tutus
498 1994 617 2049 nimium
628 1994 802 2066 timidusque
812 1993 963 2065 procellae.

222 2068 276 2135 Qui
287 2070 395 2124 variare
407 2071 485 2140 cupit
495 2086 553 2123 rem
565 2069 645 2141 prodi
667 2069 759 2124 ialiter
771 2086 865 2132 unam,

164 2155 191 2198 aa
221 2144 389 2216 delphinum
399 2144 481 2199 silvis
493 2145 630 2217 appingit,
642 2086 774 2199 ductibus
785 2160 895 2215 aprum.

221 2221 253 2275 ln
263 2221 364 2275 vitium
375 2218 452 2274 ducit
466 2219 565 2290 culpae
574 2219 651 2291 luga,
667 2221 692 2273 si
705 2228 780 2274 caret
790 2226 857 2273 arte.
881 2255 885 2261 -

222 2295 372 2349 Aemilium
384 2295 458 2348 circa
469 2293 567 2348 ludum
579 2293 656 2349 faber
666 2295 741 2348 imus
750 2301 777 2347 et
787 2308 897 2364 ungues

223 2371 360 2440 exprimet
370 2378 397 2424 et
407 2368 504 2425 molles
515 2369 671 2424 imitabitur
681 2385 744 2423 aere
754 2368 881 2438 capillos,

223 2443 324 2498 infelix
335 2443 555 2514 operissumma,
566 2444 633 2515 quia
644 2460 746 2514 ponere
757 2451 846 2497 totum

167 2526 193 2569 35
223 2518 342 2571 nesciet:
359 2518 435 2572 huno
445 2535 497 2590 ego
508 2535 562 2581 me,
574 2518 679 2589 siquid
689 2533 855 2588 componere
865 2532 972 2581 curem,
1003 2580 1007 2587 ¹
1058 2569 1059 2574 ,

223 2607 277 2645 nou
289 2591 378 2662 magis
388 2609 449 2646 esse
459 2592 556 2655 velim,
570 2609 654 2663 quam
665 2609 751 2664 pravo
761 2591 857 2646 vivere
867 2607 936 2647 uaso

224 2663 407 2735 spectandum
417 2666 507 2739 nigris
517 2667 607 2722 oculis
617 2669 755 2741 nigroque
763 2664 876 2737 capillo.

263 2738 371 2792 Sumite
381 2741 523 2795 materiam
534 2741 842 2813 vestrie,quiscribitis,
855 2756 975 2811 aequam

226 2810 346 2874 viribus,
362 2821 389 2866 et
398 2822 505 2869 versate
515 2814 576 2880 diu,
590 2816 662 2887 qaid
671 2816 743 2872 ferre
753 2824 893 2878 recusent,
