2159 3150
526 258 713 306 ODARUM

470 477 471 480 Ὺ
500 523 617 584 01>ss
659 526 729 620 xu.

368 639 411 680 Au
430 638 611 681 0.01ntt1uat
628 641 869 686 nuncetiam.

533 770 703 780 *σ-

241 877 363 921 unornane,
374 885 430 923 euna,
448 885 474 913 ne
484 877 573 922 penum
584 877 624 912 sibl
636 879 683 913 eant
695 875 824 923 mnam
836 881 932 926 nemu,
945 884 1003 928 'ipae

288 941 353 986 petina
366 940 451 984 anenata
462 949 496 975 m
511 942 579 982 cem
590 941 680 977 minere
691 946 764 986 petat
779 953 840 987 mne
857 945 951 989 patim
963 948 1001 982 m·

288 1004 385 1049 eymalam
394 1003 605 1040 muenseuenmo.
629 1005 769 1042 laeuam

278 1092 363 1158 Nolis
374 1101 455 1174 longa
469 1100 542 1156 ferae
553 1101 627 1157 bella
636 1103 803 1160 Numantiae

278 1195 328 1233 nee
338 1176 430 1232 dirum
440 1177 624 1232 Hannibalem
635 1195 686 1233 nec
696 1179 824 1235 Siculum
835 1197 911 1236 mare
926 1212 928 1216 ,

213 1293 216 1301 .
278 1253 368 1307 Poeno
378 1268 551 1323 purpureum
561 1253 699 1326 sanguine
710 1255 844 1310 mollibus
922 1272 924 1275 ·

349 1327 435 1398 aptari
447 1327 569 1382 citharae
583 1327 682 1392 modis,
942 1331 948 1337 ’

278 1435 328 1474 nec
338 1435 435 1474 saevos
446 1419 579 1490 Lapithas
595 1428 623 1473 et
632 1420 752 1474 nimium
763 1438 838 1477 merc

277 1495 425 1568 Hylaeum,
440 1493 595 1549 domitcsve
605 1495 740 1550 Herculea
749 1513 834 1552 manu

278 1569 397 1625 Telluris
410 1569 536 1634 iuvenes,
552 1567 625 1625 unde
638 1570 795 1640 periculum

350 1644 461 1717 fulgens
472 1644 640 1701 contremuit
649 1644 748 1700 domus

278 1735 390 1792 Saturni
403 1737 518 1791 veterist
536 1744 622 1807 tuque
632 1735 810 1807 pedestribus

277 1810 353 1867 dices
365 1810 489 1866 historiis
499 1811 604 1882 proelia
618 1810 752 1874 Caesaris,
798 1859 801 1864 ,

275 1888 429 1951 Maecenas,
442 1886 544 1941 melius
554 1885 694 1957 ductaque
706 1902 757 1957 per
766 1886 828 1940 -vias

349 1963 446 2035 regum
457 1960 527 2016 colla
539 1960 703 2015 minacium.

276 2055 319 2110 Me
330 2052 421 2109 dulcis
432 2052 562 2108 dominae
573 2053 651 2108 Musa
662 2051 823 2125 Licymniae

276 2137 383 2193 cantus,
396 2146 439 2183 nae
452 2128 539 2182 voluit
550 2127 644 2182 dicere
658 2126 785 2181 lucidum

276 2204 414 2278 fulgentes
428 2202 522 2258 oculos
533 2210 561 2257 et
570 2201 642 2257 bene
653 2202 758 2256 mutuis

349 2277 436 2333 fidum
447 2285 545 2349 pectus
555 2276 711 2333 amoribus:

276 2387 361 2442 quam
372 2387 423 2425 nec
433 2368 503 2425 ferre
513 2368 615 2441 pedem
626 2367 758 2423 dedecuit
767 2366 870 2429 choris,

278 2462 329 2501 nec
339 2454 442 2501 certare
453 2446 523 2509 ioco,
536 2462 587 2500 nec
600 2443 666 2499 dere
677 2442 791 2498 brachia

277 2519 419 2577 ludentem
430 2520 527 2575 nitidis
540 2518 699 2592 virginibus
709 2533 787 2573 sacro

350 2595 452 2649 Dianae
462 2594 582 2649 celebris
592 2593 649 2649 die.

275 2688 348 2741 Num
360 2694 399 2749 tu,
412 2701 483 2755 quae
494 2688 583 2739 tenuit
592 2685 672 2740 dives
683 2684 871 2739 Achaemenes
959 2695 965 2702 ·

276 2770 323 2815 aut
333 2760 448 2832 pinguis
460 2759 597 2832 Phrygiae
607 2755 771 2833 Mygdonias
785 2773 854 2828 opes
