2159 3150
254 295 299 349 lli
485 297 751 348 &orrannum

481 532 676 595 sartan
718 535 766 594 tv.

293 773 322 807 Da
333 773 413 806 satirica
422 774 476 815 poesi
489 773 552 815 deque
562 773 603 806 auia
613 774 634 807 ln
643 773 680 808 boc
690 782 763 815 seuera
773 756 949 809 obtrecutoribua.

248 845 367 924 Eupolis
378 862 459 923 atque
470 852 597 909 Cratinus
607 851 860 926 Aristophanesque
870 864 969 925 poetae

249 938 330 999 atque
338 927 397 991 alii.
409 944 526 999 quorum
537 927 678 983 comoedia
690 929 780 999 prisca
791 930 914 985 virorum
927 940 981 995 est,

248 1004 272 1057 si
283 1003 346 1074 quis
360 1012 418 1058 erat
428 1003 530 1075 diguus
540 1003 676 1067 describi,
693 1002 768 1073 quod
779 1003 868 1057 malus
879 1014 926 1060 aut
937 1004 996 1070 fur,

246 1078 319 1149 quod
331 1078 461 1133 moechus
473 1077 542 1133 foret
551 1088 598 1133 aut
608 1078 725 1133 sicarius
736 1087 783 1133 aut
793 1078 897 1149 alioqui

193 1166 204 1207 t
246 1153 376 1216 famosus,
391 1154 475 1207 multa
487 1172 550 1207 cum
563 1153 688 1209 libertate
700 1154 839 1208 notabant.

248 1229 316 1283 iiiuc
329 1229 419 1283 omnis
431 1228 532 1299 pendet
542 1229 677 1291 Lucilius,
690 1227 773 1283 hosce
783 1238 928 1299 sequutus,

249 1305 360 1373 mutatis
375 1313 479 1359 tantum
490 1304 611 1376 pedibus
623 1305 815 1375 numerisque:
829 1303 943 1368 facetus.

248 1388 391 1435 emunctae
402 1380 485 1443 naris,
498 1380 586 1435 durus
597 1396 760 1450 componere
773 1396 878 1433 uersus.

246 1456 314 1509 Nam
328 1453 379 1508 tuit
389 1453 441 1509 boc
452 1454 582 1509 vitiosus:
599 1456 627 1508 in
640 1454 705 1508 hora
715 1471 799 1525 saepe
809 1453 953 1519 ducentos,

192 1540 216 1583 lu
247 1538 277 1584 ut
288 1547 428 1602 magnum,
441 1546 538 1585 versus
548 1529 670 1585 dictabat
678 1539 753 1585 stans
763 1527 834 1600 pede
843 1530 871 1585 in
883 1547 950 1585 uno.

247 1603 337 1671 Ouum
350 1603 445 1660 llueret
457 1605 619 1668 lutulentus,
629 1613 685 1660 erat
696 1605 770 1675 quod
781 1605 875 1660 tollere
887 1606 991 1672 velles;

250 1680 377 1753 garrulus
391 1691 472 1752 atque
483 1681 564 1754 piger
574 1679 714 1734 scribendi
727 1679 797 1734 ferre
808 1680 938 1744 laborem.

247 1755 993 1823 scribendirccte;namutmultum‚uilmoror.—Ecce,

247 1830 391 1902 Crispinus
402 1832 517 1886 minimo
528 1848 571 1885 me
583 1840 725 1902 provocat:
738 1831 864 1902 sbocipe,
876 1831 900 1885 si
913 1831 968 1897 vis,

193 1917 217 1960 ¹5
246 1905 393 1976 »accipiam
406 1906 523 1961 tabulas:
537 1906 617 1961 detur
627 1905 708 1960 nobis
718 1905 804 1968 locus,
818 1905 893 1969 bora,

247 1981 403 2046 »custodes3
417 1982 571 2045 videamus,
585 1991 645 2036 uter
651 1982 718 2052 plus
728 1981 848 2035 scribere
859 1982 975 2053 possita

247 2058 278 2111 Dl
291 2056 359 2110 bene
372 2055 504 2122 iecerunt,
517 2057 608 2128 inopis
620 2074 663 2111 me
673 2053 803 2127 quodque
814 2057 911 2126 pusilli

246 2132 384 2188 linxerunt
393 2134 488 2196 animi,
501 2150 561 2187 raro
572 2143 598 2188 et
608 2148 745 2204 perpauca
757 2131 909 2202 loquentis;

247 2215 273 2262 at
284 2216 312 2262 tu
323 2207 466 2262 conclusas
477 2207 594 2263 hircinis
605 2206 718 2260 follibus
729 2223 819 2270 auras,

190 2292 216 2335 20
246 2299 334 2354 usque
348 2283 501 2338 laborantes
512 2283 578 2338 dum
590 2281 692 2336 ferrum
703 2281 809 2336 molliat
820 2281 904 2354 ignis,

244 2367 275 2412 ut
286 2359 383 2419 mavis,
396 2359 513 2413 imitare.
524 2387 562 2398 -—
571 2357 669 2412 Beatus
680 2357 802 2410 Fannius
814 2355 885 2411 ultro

246 2433 346 2487 delatis
356 2435 447 2506 capsis
458 2443 484 2488 et
495 2433 630 2505 imagine,
645 2449 732 2503 quum
746 2449 806 2487 mea
817 2448 898 2485 nemo

245 2509 345 2578 scripta
358 2508 439 2580 legat,
447 2508 531 2578 vulgo
542 2508 655 2561 recitare
666 2507 789 2562 timentis
798 2506 833 2562 ob
844 2506 917 2561 banc
923 2523 993 2566 rem,

244 2581 319 2652 quod
334 2589 398 2636 sunt
412 2599 481 2654 quos
495 2599 583 2655 genus
594 2582 645 2636 hoc
660 2583 775 2636 minime
789 2583 879 2644 iuvat,
895 2591 995 2653 utpote

684 2656 778 2727 plures

190 2738 215 2781 25
247 2729 354 2801 culpari
365 2729 474 2804 dignos.
514 2731 646 2798 Quemvis
657 2731 748 2786 media
759 2748 824 2786 erue
835 2730 931 2797 turba3

245 2813 292 2858 aut
302 2803 337 2858 ab
349 2807 462 2859 avaritia
475 2815 520 2861 aut
532 2808 632 2861 misera
643 2806 793 2861 ambitione
806 2804 920 2860 laborat.
