2159 3150
274 275 350 318 blla.
371 275 408 318 11.
438 275 577 319 EPIST.
598 276 632 320 lL
781 271 831 322 287

71 374 199 438 audebit,
212 391 406 446 quaecumque
417 391 515 446 parurn
526 375 684 447 splendoris
695 375 839 435 habebunt

70 460 98 505 et
109 451 171 505 sine
183 449 306 521 pondere
316 459 398 506 erunt
408 450 548 506 ethonore
561 450 678 524 indigna
689 451 822 518 serentur,

70 525 158 580 verba
169 541 281 580 movere
292 525 361 590 loco,
374 525 504 597 quamvis
515 526 604 581 invita
615 527 745 584 recedent

70 612 97 655 et
108 608 257 656 versentur
267 600 360 656 adhuc
370 602 441 656 intra
453 601 606 673 penetralia
618 603 730 671 Vestae3

70 676 281 731 ohscuratadiu
293 676 679 749 populohonueeruetatque
845 691 886 737 115

71 750 197 822 proferet
207 753 236 805 in
249 751 339 806 lucem
350 753 476 824 speciosa
487 753 623 809 vocabula
635 771 738 818 reruni,

70 844 143 898 quae
154 827 258 898 priscis
268 837 416 883 memorata
426 827 578 884 Catonibus
589 837 672 901 atque
682 828 812 904 Cethegis

71 919 147 956 nunc
157 902 230 956 situs
241 902 368 957 informis
378 905 481 974 premit
491 913 518 958 et
528 904 636 958 deserta
647 912 784 973 vetustas;

70 978 211 1033 adsciscet
222 995 302 1042 nova,
314 995 386 1050 quae
397 980 506 1051 genitor
516 980 680 1051 produxerit
692 999 769 1036 usus.

70 1053 230 1108 Vehemens
242 1062 269 1108 et
280 1053 405 1125 liquidus
416 1072 543 1126 puroque
553 1054 717 1110 simillimus
728 1059 806 1114 amni
845 1069 885 1114 111

70 1128 172 1184 fundet
182 1146 258 1200 opes,
276 1130 442 1202 Latiumque
453 1130 548 1185 beabit
559 1130 647 1185 divite
658 1130 768 1204 lingua,

70 1204 242 1260 luxuriantia
255 1214 421 1276 compescet,
434 1206 519 1260 nimis
531 1223 628 1277 aspera
638 1223 706 1262 sano

69 1278 178 1334 levabit
188 1280 275 1343 cultu,
289 1281 390 1336 virtute
401 1281 522 1336 carentia
533 1280 612 1337 tollet

69 1355 195 1410 ludentis
205 1357 328 1427 speciem
339 1356 418 1411 dabit
428 1365 455 1413 et
465 1356 650 1428 torquebitur,
667 1358 758 1429 utqui

69 1449 146 1485 nunc
157 1430 288 1503 Satyrum
300 1449 374 1486 nunc
385 1442 522 1505 agrestem
532 1431 654 1505 Cyclopa
665 1441 802 1488 movetur.
844 1445 883 1488 125

128 1506 309 1561 Praetulerim
320 1509 439 1580 scriptor
450 1507 558 1562 delirus
567 1508 700 1581 inersque
711 1508 812 1572 videri,

70 1582 139 1637 dum
151 1601 213 1637 mea
224 1582 361 1638 delectent
372 1584 443 1639 mala
456 1601 499 1639 me
510 1584 556 1638 vel
568 1583 690 1656 denique
702 1583 808 1649 fallant,

69 1676 155 1730 quani
168 1676 265 1730 sapere
276 1670 303 1713 et
314 1660 398 1732 ringi.
430 1661 494 1715 Fuit
504 1660 580 1714 haud
592 1660 726 1733 ignobilis
737 1661 830 1735 Argis,

68 1738 162 1806 quise
174 1734 305 1789 credebat
318 1735 403 1790 miros
413 1734 511 1791 audire
522 1735 677 1809 tragoedos,

69 1811 99 1863 in
111 1827 202 1865 vacuo
214 1810 302 1865 laetus
313 1827 406 1865 sessor
415 1810 584 1884 plausorque
598 1811 719 1877 theatro;
842 1822 883 1867 111

69 1894 179 1940 caetera
188 1887 239 1957 qni
252 1888 324 1941 vitae
335 1895 459 1941 servaret
468 1888 564 1941 munia
576 1895 649 1941 recto

69 1978 156 2026 more,
169 1960 260 2016 honus
271 1979 337 2017 sane
352 1962 472 2026 vicinus,
485 1961 616 2017 amabilis
627 1962 739 2032 hospes,

69 2038 158 2092 comis
169 2038 198 2091 in
211 2054 335 2101 uxorem,
348 2047 441 2109 posset
451 2040 501 2109 qui
511 2038 655 2110 ignoscere
666 2037 756 2091 servis

69 2121 96 2167 et
106 2114 189 2185 signo
201 2112 274 2167 laeso
287 2132 340 2168 non
352 2112 475 2167 insanire
487 2114 612 2186 lagenae,

68 2196 164 2259 posset
173 2188 221 2259 qui
233 2206 330 2261 rupem
342 2198 368 2243 et
379 2198 493 2260 puteum
504 2192 593 2243 vitare
603 2197 753 2261 patentem.
841 2197 882 2242 135

68 2266 119 2318 llic
130 2262 181 2317 ubi
193 2273 371 2335 cognatorum
382 2264 484 2336 opibus
498 2266 631 2337 curisque
642 2263 761 2319 relectus

68 2339 179 2410 expulit
190 2338 333 2395 helleboro
344 2340 471 2394 morbum
481 2339 625 2411 bilemque
636 2356 753 2400 meraco,

69 2424 95 2469 et
110 2414 183 2469 redit
198 2416 232 2469 ad
246 2433 320 2470 sese:
338 2415 411 2476 aPol,
425 2433 467 2470 me
477 2416 630 2479 occidistis,
644 2416 737 2478 amici,

10 2498 11 2511 ¹
67 2508 136 2545 »non
148 2491 295 2546 servastis«
307 2493 354 2555 ait,
370 2492 429 2546 acui
441 2492 482 2546 sic
493 2500 599 2547 extorta
610 2491 739 2563 voluptas

67 2576 109 2621 ret
123 2566 234 2621 demtus
245 2584 295 2638 per
306 2568 363 2621 vim
376 2569 476 2623 mentis
487 2568 664 2640 gratissimus
675 2585 777 2622 errore
841 2571 882 2618 tlt

125 2644 265 2698 Nimirum
277 2661 374 2715 sapere
388 2652 430 2697 est
441 2643 557 2697 abiectis
567 2643 635 2698 utile
647 2644 741 2716 nugis,

68 2726 95 2771 et
106 2719 306 2790 tempestivum
317 2719 413 2791 pueris
425 2719 577 2773 concedere
589 2718 697 2781 ludum,

68 2810 100 2847 ac
109 2811 164 2847 non
178 2794 263 2848 verba
274 2796 355 2866 sequi
366 2793 471 2849 fidibus
482 2793 653 2849 modulanda
662 2793 780 2856 Latinis,
