2159 3150
320 333 397 378 LlB.
418 337 436 379 1.
464 335 620 379 lEPIS‘l'.
642 337 659 378 l.
815 331 865 386 279

105 435 240 504 impetrat
251 444 277 489 et
288 451 384 505 pacem
395 444 421 489 et
432 434 599 508 locupletem
611 435 862 509 frugibusanuum.

105 509 238 565 Carmine
248 509 277 564 dl
289 513 383 582 superi
395 511 550 582 placantur,
563 513 685 566 carmine
699 529 805 569 manes.

104 585 254 657 Agricolae
264 587 361 656 prisci,
374 585 457 641 fortes
468 603 610 658 parvoque
621 586 705 653 beati,

105 659 218 716 condita
233 669 295 730 post
306 660 442 716 frumenta
455 662 578 717 levantes
589 671 712 734 tempora
723 663 793 720 festo
879 675 920 724 tlt

103 753 208 808 corpus
219 746 245 791 et
256 737 349 807 ipsum
361 739 485 792 animum
496 755 547 810 spe
558 737 622 792 finis
632 738 702 794 dura
713 738 856 810 ferentem,

106 828 172 866 cum
184 813 269 866 sociis
279 828 405 884 operum,
418 813 513 885 pueris
526 823 553 868 et
563 812 682 887 coniuge
693 815 757 882 fida,

102 887 235 942 tellurem
246 903 339 959 porco,
352 887 498 944 Silvanum
511 888 581 944 lacte
592 889 717 960 piabant,

102 960 223 1017 floribus
233 971 260 1018 et
274 966 340 1018 vino
350 965 481 1028 Genium,
494 982 643 1020 memorem
657 965 751 1021 brevis
761 969 835 1024 aevi.

102 1039 277 1094 Fescennina
290 1055 341 1112 per
351 1039 426 1095 hunc
436 1041 550 1096 iuventa
561 1042 672 1096 licentia
684 1059 788 1097 morem
876 1050 916 1100 tlt

102 1113 237 1169 versibus
248 1114 363 1170 alternis
376 1116 524 1188 opprobria
536 1117 639 1172 rustica
652 1116 734 1182 fudit,

101 1189 276 1261 libertasque
286 1200 459 1247 recurrentes
470 1202 581 1264 accepta
592 1209 643 1265 per
652 1211 740 1249 annos

102 1265 173 1321 lusit
184 1266 351 1332 amabiliter,
364 1267 452 1322 donec
462 1269 516 1322 iam
526 1285 629 1323 saevus
640 1279 762 1340 apertam

104 1343 136 1396 in
147 1341 254 1397 rabiem
265 1343 356 1416 eoepit
367 1345 437 1399 verti
452 1345 530 1398 iocus
541 1353 569 1398 et
577 1361 628 1415 per
638 1344 768 1400 honestas

102 1419 146 1472 ire
157 1419 254 1473 domos
265 1419 381 1490 impune
394 1420 501 1474 minax.
527 1420 645 1475 Doluera
655 1429 769 1476 cruento
875 1431 915 1476 tu

101 1491 187 1550 dente
197 1493 333 1550 lacessiti:
356 1494 731 1568 initiatactisqucquecura

100 1569 263 1626 conditione
274 1588 359 1644 super
369 1573 523 1640 commuui;
544 1573 614 1644 quin
625 1572 709 1630 etiam
719 1573 765 1628 lex

102 1664 250 1719 poenaque
262 1646 330 1712 lata,
352 1648 425 1702 malo
434 1664 506 1720 quae
520 1648 607 1704 nollet
620 1650 743 1705 carmine
757 1665 859 1721 quem-

310 1743 313 1749 ·
605 1741 691 1797 quam

101 1797 238 1853 describi.
269 1799 381 1853 Vertere
392 1799 514 1865 modum,
528 1799 677 1856 formidine
688 1800 771 1857 iustis

102 1874 138 1930 ad
150 1873 382 1929 benedicendum
395 1875 648 1948 delectandumque
661 1877 776 1931 redacti.
874 1885 914 1931 151

101 1950 219 2007 Graecia
230 1959 309 2022 capta
323 1950 412 2005 ferum
424 1953 557 2007 victorem
571 1953 656 2025 cepit,
668 1962 695 2007 et
706 1962 778 2007 artes

100 2026 200 2081 intulit
210 2027 312 2099 agresti
323 2028 415 2082 Latio:
437 2028 478 2082 sic
489 2027 620 2083 horridus
631 2027 680 2083 ille

102 2100 223 2157 delluxit
234 2118 367 2157 numerus
379 2102 536 2169 Saturnius,
549 2114 577 2159 et
586 2120 672 2177 grave
683 2104 761 2157 virus

100 2177 259 2233 munditiae
269 2178 417 2251 pepulerc;
430 2178 480 2234 sed
491 2180 520 2234 iu
531 2181 647 2253 longum
658 2189 749 2234 tamen
757 2193 858 2232 aevum

100 2263 266 2309 manserunt
276 2253 415 2326 hodieque
426 2265 538 2311 manent
548 2256 666 2328 vestigia
676 2254 761 2309 ruris.
873 2262 913 2306 tto

101 2328 189 2387 Serus
200 2330 276 2385 enim
288 2330 402 2386 Graecis
413 2330 538 2387 admovit
547 2331 675 2387 acumina
686 2329 800 2394 chartis,

102 2414 131 2461 et
140 2415 204 2477 post
213 2406 316 2461 Punica
329 2406 403 2461 bella
413 2408 534 2479 quietus,
547 2423 681 2479 quaerere
692 2406 792 2477 coepit,

102 2482 174 2554 quid
186 2482 340 2555 Sophocles
351 2491 378 2537 et
389 2483 507 2555 Thespis
518 2493 545 2538 et
555 2481 712 2556 Aeschylus
722 2481 792 2536 utile
802 2478 859 2535 ier-

605 2567 676 2613 rent.

102 2635 232 2689 Tentavit
242 2650 355 2707 quoque
367 2650 434 2697 rem,
447 2634 471 2689 si
482 2633 569 2707 digne
579 2643 686 2689 vertere
696 2641 800 2705 posset,

101 2718 130 2765 et
140 2709 247 2783 placuit
257 2710 324 2775 sibi,
337 2718 433 2765 natura
445 2709 578 2764 sublimis
588 2720 616 2764 et
626 2726 703 2776 acer3
873 2715 914 2761 itt

101 2803 167 2841 nam
182 2787 270 2859 spirat
282 2788 417 2859 tragicum
429 2786 496 2839 satis
507 2793 534 2840 et
544 2783 665 2839 feliciter
674 2782 771 2852 audet;

100 2862 151 2917 sed
163 2873 272 2933 turpem
283 2872 362 2933 putat
374 2861 472 2915 inscite
483 2863 638 2931 metuitque
649 2859 772 2915 lituram.
