2159 3150
313 292 431 336 utun
460 291 639 336 EPIST.1.
798 283 850 339 237
939 292 941 294 ·

91 394 132 449 Ac
145 412 180 447 ne
192 394 260 447 sorte
270 409 359 465 roges,
372 408 427 462 quo
439 408 482 445 me
493 390 575 455 duos,
587 408 643 463 quo
655 392 711 448 lare
720 402 806 449 tuter:
882 427 884 432 ·

92 468 204 524 nullius
216 467 343 522 addictus
357 468 488 535 inrarein
501 466 586 522 verba
596 470 732 540 magistri,

90 560 151 615 quo
162 560 206 597 me
217 560 337 613 cumque
349 543 420 613 rapit
431 552 590 614 tempestas,
602 542 711 598 deferor
722 544 835 617 hospes.
876 556 902 599 15

90 621 175 673 Nunc
187 618 270 692 agilis
282 619 317 673 lio
328 628 355 673 et
366 635 470 672 mersor
480 617 615 673 civilibus
625 618 720 682 undis,

92 695 208 749 virtutis
218 710 300 747 verae
309 702 402 748 custos
412 692 578 765 rigidusque
591 694 718 760 satelles3

91 787 169 823 nunc
181 771 209 823 in
220 768 355 841 Aristippi
367 768 463 823 furtim
473 778 619 841 praerepta
630 769 748 833 relabor,

91 854 119 899 et
130 844 203 898 mihi
214 862 267 909 res,
281 861 335 899 non
348 860 391 899 me
403 844 487 898 rebus
497 844 670 917 subiungere
680 862 773 900 conor.

90 922 126 975 Ut
138 937 195 975 nox
205 920 296 993 longa,
308 918 413 990 quibus
425 920 558 974 mentitur
568 921 666 983 amica,
681 921 800 993 diesque
876 932 904 977 to

91 996 167 1050 lenta
179 995 291 1050 videtur
303 1012 374 1066 opus
384 994 568 1057 debentibus.
584 1004 615 1049 ut
628 997 709 1067 piger
718 1014 809 1051 annus

90 1071 223 1143 pupillis,
236 1087 306 1141 quos
318 1070 386 1124 dura
398 1072 500 1141 premit
509 1070 635 1125 custodia
647 1081 779 1137 matrum;

91 1144 859 1220 sicmihitardefluuntingrataquetempora,quaespem

91 1222 301 1293 consiliumque
313 1231 453 1276 morantur
464 1220 564 1293 agendi
575 1222 704 1294 gnaviter
714 1222 754 1287 id,
771 1223 847 1294 quod

92 1314 182 1369 aeque
194 1296 366 1369 pauperibus
376 1296 498 1369 prodest,
512 1296 700 1368 locupletibus
711 1315 808 1369 aeque,
876 1309 903 1354 2⁵

92 1390 183 1445 seque
194 1374 351 1445 neglectum
363 1374 458 1443 pueris
471 1371 645 1444 senibusque
655 1373 776 1428 nocebit.

92 1448 855 1521 Restatuthisegomeipseregnmsolerqueelementis.

91 1526 154 1580 Non
165 1525 256 1596 possis
266 1524 347 1579 oculo
356 1533 491 1596 quantum
502 1524 668 1580 contendere
679 1525 819 1599 Lynceum

93 1609 251 1656 nontamen
264 1599 368 1654 idcirco
379 1610 538 1654 contemnas
550 1600 645 1672 lippus
657 1601 770 1673 inungi;

91 1693 155 1740 nec,
167 1677 235 1748 quia
245 1675 376 1747 desperes
387 1677 485 1730 invicti
498 1675 623 1730 membra
634 1675 777 1749 Glyconis,
876 1690 902 1733 tu

92 1751 198 1807 nodosa
209 1768 310 1822 corpus
321 1751 393 1806 nolis
403 1751 553 1823 prohibere
564 1751 708 1824 cheragra.

91 1827 143 1883 Est
152 1826 272 1899 quadarn
284 1827 395 1898 prodire
406 1837 496 1888 tenus,
512 1827 536 1881 si
550 1844 604 1882 non
614 1826 696 1882 datur
706 1827 788 1882 ultra.

92 1904 195 1958 Fervet
205 1903 319 1957 avaritia
331 1903 488 1972 miseroque
500 1901 634 1974 cupidine
645 1911 755 1975 pectus:

92 1989 159 2033 sunt
169 1977 255 2033 verba
266 1987 293 2032 et
302 1995 394 2040 voces.
407 1979 512 2049 quibus
523 1977 599 2033 bunc
612 1978 700 2033 lenire
710 1977 834 2034 dolorem

91 2055 185 2126 possis
195 2063 222 2108 et
233 2070 360 2126 magnam
372 2054 462 2111 morbi
473 2053 612 2125 deponere
626 2062 743 2125 partem.
875 2064 902 2109 tt

91 2129 197 2185 Laudis
208 2146 300 2184 amore
311 2139 415 2184 tumes:
436 2141 501 2184 sunt
511 2139 585 2185 certa
596 2129 717 2201 piacula,
732 2146 804 2201 quae
815 2138 842 2186 te

90 2213 132 2260 ter
146 2221 217 2277 pure
228 2203 298 2259 lecto
309 2213 438 2276 poterunt
447 2221 571 2260 recreare
582 2204 689 2260 libello.

90 2280 218 2344 Invidus,
235 2279 395 2342 iracundus,
412 2281 497 2344 iners,
509 2282 635 2342 vinosus,
648 2290 761 2342 amator,

89 2373 172 2412 nemo
184 2355 252 2410 adeo
264 2354 339 2410 ierus
350 2365 401 2418 est.
414 2366 508 2411 utnon
519 2357 665 2410 mitescere
677 2358 773 2427 possit,

89 2433 114 2486 si
126 2431 208 2487 modo
219 2431 344 2486 culturae
355 2432 506 2502 patientem
517 2431 673 2486 commodet
683 2448 788 2485 aurem.
873 2437 901 2485 lo

89 2508 186 2563 Virtus
197 2515 239 2561 est
250 2507 352 2561 vitium
365 2504 471 2580 lugere,
486 2515 514 2561 et
526 2508 663 2578 sapientia
674 2509 763 2578 prima

90 2583 209 2637 stultitia
221 2585 355 2636 carnisse.
386 2581 482 2646 Vides,
494 2598 567 2653 quae
579 2583 699 2636 maxima
709 2582 801 2636 credis

91 2676 153 2714 esse
164 2659 390 2730 mala‚exigunm
402 2674 517 2712 censum
529 2667 696 2729 turpemque
706 2658 857 2728 repulsam,

88 2743 194 2805 quanto
205 2733 312 2788 devites
324 2734 410 2786 animi
421 2733 578 2804 capitisque
592 2733 695 2787 labore.

87 2810 213 2882 Impiger
224 2819 361 2863 extremos
372 2810 461 2862 curris
473 2817 607 2862 mercator
618 2806 653 2862 ad
663 2808 755 2870 ludos,
873 2812 901 2860 lt
