2159 3150
282 278 621 323 1.1n.1.u1³1sr.1.
778 272 832 326 230

75 379 177 435 crustis
190 389 216 433 et
226 379 317 450 potuis
329 378 430 433 viduas
440 385 578 433 venentur
588 394 695 444 avaras,

75 456 274 527 excipiantque
285 470 377 517 senes,
389 471 459 525 quos
471 454 500 507 in
510 453 618 509 vivaria
629 455 755 521 mittent3

76 532 172 587 inultis
184 529 294 585 occulte
305 530 404 584 crescit
415 547 458 583 res
471 528 592 583 foenere.
621 529 724 584 Verum
861 540 888 584 tt

75 618 143 670 este,
160 606 225 660 aliis
237 605 307 660 alies
318 604 401 660 rebus
413 603 573 675 studiisque
583 604 685 659 teneri:

77 684 152 737 ldeiu
165 681 263 736 eadem
275 690 393 752 possunt
403 679 499 735 horam
509 680 610 734 durare
620 678 788 751 probantes?

75 758 193 813 »Nullus
202 758 233 811 in
244 756 310 811 erbe
321 756 402 811 sinus
412 756 487 809 Baiis
498 755 641 827 praelucet
651 756 789 811 amoenis«

74 836 100 889 si
111 833 186 888 dixit
195 832 286 895 dives,
300 831 377 887 lacus
388 840 414 885 et
425 848 499 886 mare
510 832 595 885 sentit
609 848 729 886 amorem

76 908 237 964 festinantis
247 907 321 961 heri:
344 908 389 961 cui
404 906 427 960 si
439 908 540 962 vitiosa
553 906 642 961 libido
862 916 888 960 85

76 985 175 1040 fecerit
185 984 354 1055 auspicium,
372 1000 447 1036 »cras
459 982 624 1037 ferramenta
635 984 758 1036 Teanum

76 1060 205 1123 stellatis,
220 1058 291 1113 labri
301 1058 328 1111 l«
349 1060 449 1113 Lectus
459 1057 579 1133 genialis
588 1059 619 1112 in
633 1058 696 1112 aula
707 1068 762 1113 est:

75 1136 116 1191 nil
128 1136 167 1190 ait
177 1152 239 1189 esse
250 1135 339 1205 prius,
352 1134 454 1189 melius
468 1134 508 1187 nil
519 1132 627 1188 caelibe
637 1134 709 1200 vita3

75 1214 100 1265 si
114 1220 230 1273 nonest,
243 1211 316 1264 iurat
327 1209 398 1264 bene
408 1210 476 1264 selis
488 1227 549 1264 esse
560 1210 677 1282 maritis.

73 1286 137 1353 Quo
149 1295 256 1341 teneam
269 1285 363 1340 vultus
378 1293 529 1340 mutantem
540 1286 636 1339 Protea
649 1282 740 1340 nodo?
862 1293 889 1337 tt

74 1361 150 1429 Quid
163 1360 287 1433 pauper?
300 1360 385 1415 Ridel
402 1369 489 1415 mutat
502 1361 662 1423 coenacula,
675 1360 768 1422 lectos,

74 1438 188 1500 balnea,
202 1446 340 1497 tonsores,
356 1436 492 1491 conducto
504 1437 617 1509 navigio
631 1452 718 1507 aeque

75 1522 195 1568 nauseat
205 1530 237 1566 ac
247 1512 381 1584 locuples,
394 1528 478 1584 quem
493 1510 572 1566 ducit
582 1512 661 1584 priva
673 1510 804 1565 triremis.

75 1591 107 1644 Si
119 1598 245 1643 curtatus
255 1588 398 1658 inaequali
409 1597 518 1642 tonsore
529 1588 646 1660 capillos

72 1681 203 1726 occurro,
216 1663 304 1728 rides3
327 1665 352 1717 si
367 1662 435 1718 forte
446 1664 584 1718 subucula
598 1680 685 1734 pexae
862 1671 889 1715 tt

74 1741 143 1796 trita
152 1740 251 1795 subest
260 1739 381 1802 tunicae,
393 1738 438 1793 vel
450 1739 474 1793 si
486 1749 549 1812 toga
560 1738 679 1794 dissidet
689 1740 787 1809 impar,

73 1816 169 1871 rides:
192 1814 272 1886 quid,
286 1831 347 1868 mea
358 1831 446 1886 quum
457 1823 565 1888 pugnat
574 1814 709 1869 sententia
721 1830 831 1881 secum;

72 1891 154 1964 quod
164 1891 255 1962 petiit,
267 1891 388 1961 spernit;
405 1890 506 1961 repetit
516 1889 592 1961 quod
603 1906 692 1960 nuper
702 1889 810 1956 omisit;

73 1975 186 2022 aestuat
201 1975 228 2021 et
237 1967 311 2021 vitae
323 1965 500 2020 disconvenit
508 1965 606 2020 ordine
617 1975 686 2031 teto;

72 2043 176 2104 diruit,
189 2039 326 2105 aedificat,
340 2051 428 2096 mutat
437 2041 572 2112 quadrata
583 2037 728 2096 retundis?
850 2049 890 2093 tot

71 2119 203 2174 lusanire
215 2125 297 2188 putas
308 2117 454 2172 sollemnia
466 2134 520 2180 me,
536 2133 627 2188 neque
640 2116 725 2179 rides,

72 2211 128 2248 nec
143 2193 247 2248 medici
258 2192 350 2247 credis
362 2209 414 2247 nec
425 2193 559 2247 curatoris
572 2209 653 2266 egere

72 2288 88 2324 a
100 2277 230 2342 praetere
241 2268 308 2331 dati,
321 2284 414 2322 rerum
424 2269 510 2322 tutela
522 2285 645 2322 mearum

70 2363 166 2415 quum
177 2345 218 2398 sis
230 2351 257 2398 et
267 2361 353 2415 prave
364 2352 470 2398 sectum
477 2343 659 2398 stomacheris
669 2342 834 2416 obunguem

72 2421 151 2475 dete
162 2419 322 2492 pendentis,
334 2428 362 2474 te
373 2419 551 2491 respicientis
562 2419 657 2474 amlei.
851 2429 890 2472 les

70 2497 117 2551 Ad
129 2513 287 2550 summam:
303 2496 416 2566 sapiens
427 2511 482 2548 une
494 2497 584 2550 minor
593 2504 635 2550 est
645 2496 718 2557 levo,
732 2493 822 2556 dives.

71 2573 159 2636 liber,
172 2571 334 2646 honoratus,
347 2570 473 2641 pulcher,
489 2587 538 2624 rex
549 2570 672 2641 denique
683 2585 790 2642 regum,

69 2649 230 2720 praecipue
244 2662 340 2709 sanus,
354 2645 410 2699 nisi
419 2661 507 2716 quum
518 2647 620 2716 pituita
631 2645 746 2701 molesta
757 2656 808 2700 est.
