2159 3150
346 295 424 340 ΗΒ.
443 296 461 340 1.
486 294 577 343 SAT.
599 296 616 342 i.
804 295 851 345 {63

106 414 139 450 ne
152 406 178 450 to
188 394 338 466 compilant
350 394 496 467 fugientes,
508 395 561 451 hoa
572 393 666 451 iuvat?
684 397 785 451 Horum

106 488 218 543 semper
228 487 278 543 ego
291 471 407 541 optarim
419 473 613 543 pauperrimus
627 488 687 525 esse
702 471 846 530 bonorum.

107 546 128 619 51
142 550 177 602 nt
187 546 212 599 si
224 545 365 600 condoluit
376 554 508 600 tentatum
521 545 622 619 frigore
632 563 731 617 corpus
882 559 908 604 to

108 632 154 675 aut
165 620 238 676 alius
250 638 329 675 casus
344 620 413 676 lecto
424 628 449 675 te
460 620 558 684 affixit.
570 621 656 677 habes
665 621 715 693 qui

109 696 244 759 adsideat,
258 694 375 751 fomenta
387 705 471 768 paret.
488 696 628 751 medicum
639 707 724 769 roget,
737 706 767 751 ut
777 708 801 753 te

107 772 223 827 suscitet
234 788 265 825 ac
275 772 346 826 natis
356 770 452 826 reddat
463 773 590 842 carisque
601 772 775 842 propinquis.

106 846 127 919 ii
141 849 202 901 Non
215 862 283 901 uxor
292 845 401 901 salvum
416 855 441 901 te
453 847 522 910 vult,
535 863 589 901 non
602 848 691 901 tilius:
703 863 798 903 orrnes

107 922 194 977 vieini
204 922 334 985 oderunt.
347 924 414 984 noti,
430 922 509 993 pueri
519 931 601 993 etque
613 921 732 994 puellae.
883 934 908 978 8⁵

106 998 226 1060 Miraris,
237 1014 324 1068 quum
335 1004 364 1051 tu
376 1006 488 1071 argento
499 1007 560 1069 post
569 999 661 1051 omnia
671 1014 767 1069 ponas,

106 1074 130 1127 si
145 1088 228 1127 nemo
238 1081 366 1143 praestet,
377 1089 460 1143 quern
472 1089 525 1128 non
538 1073 678 1135 merearis,
694 1070 831 1128 aaronem?

106 1148 140 1203 At
151 1149 177 1202 si
186 1156 326 1220 cognatos,
342 1148 418 1203 nullo
431 1157 525 1203 natura
537 1147 629 1203 labore

106 1241 178 1295 quos
189 1222 241 1278 tibi
255 1221 310 1286 dat,
323 1223 439 1278 retinere
452 1223 522 1278 veiis
533 1238 699 1293 servareque
713 1222 825 1286 araaioos,

106 1298 209 1353 infelix
219 1315 329 1370 operam
342 1298 450 1370 perdas,
465 1306 496 1353 ut
506 1298 530 1352 si
542 1299 607 1369 quis
618 1296 733 1351 asellum
883 1307 909 1351 so

105 1376 135 1427 in
147 1390 246 1445 campo
255 1372 350 1428 doceat
359 1382 500 1446 parentem
510 1390 621 1427 currere
633 1372 727 1427 frenis.

106 1450 231 1519 lienique
242 1449 278 1504 sit
289 1447 351 1503 finis
360 1448 522 1520 quaerendi,
535 1464 678 1519 quumque
689 1443 791 1501 baianas
801 1445 874 1518 pius,

106 1524 269 1597 pauperiem
280 1534 385 1579 metuas
396 1525 488 1579 minus
502 1532 528 1579 et
542 1523 621 1579 finire
632 1522 752 1579 laborem

106 1601 239 1672 incipias,
250 1607 336 1671 parto,
349 1600 423 1670 quod
434 1599 550 1667 ambas,
568 1615 603 1654 ne
618 1598 702 1654 iacias
713 1597 787 1669 qnod

106 1674 266 1731 Ummidius
278 1675 492 1746 quidam-non
501 1674 581 1747 ionga
593 1682 633 1729 est
645 1673 748 1728 iabuia.
761 1673 852 1736 Dives,
883 1683 909 1726 aa

106 1760 136 1806 ut
147 1751 291 1806 metiretur
301 1766 438 1813 nummos,
451 1752 488 1804 ita
498 1749 638 1812 sordidus,
651 1757 682 1804 ut
691 1766 721 1802 se

106 1843 160 1881 non
173 1841 305 1896 umquam
316 1841 396 1880 servo
407 1825 507 1880 meiius
517 1826 640 1888 vestiret,
656 1823 789 1894 adusque

106 1916 269 1973 supremum
280 1908 399 1972 tempuS,
412 1917 446 1954 no
456 1917 486 1954 se
497 1900 613 1971 penuria
626 1899 717 1954 victus

105 1978 284 2048 opprimeret,
297 1975 446 2030 metuebat.
486 1974 520 2030 At
531 1975 606 2029 hune
621 1974 718 2030 liberta
729 1973 820 2027 saouri

106 2053 206 2106 divisit
217 2051 352 2113 medium,
366 2050 514 2106 fortissima
526 2048 755 2124 Tyndaridarum.
870 2058 909 2102 tou

105 2121 861 2200 unidmiigitursnades‘iutvivamNaeviusiautsic,

106 2211 137 2257 ut
147 2200 353 2258 Nomentanus?
364 2200 388 2275 ii
396 2202 491 2274 Pergis
502 2201 654 2274 pugnantia
665 2216 759 2254 seeum

107 2277 247 2332 frontibus
257 2277 381 2332 adversis
393 2293 566 2348 componere.
595 2276 655 2331 Non
666 2291 727 2347 ego,
740 2290 852 2328 avarum

105 2371 194 2424 quum
205 2361 268 2409 veto
278 2360 304 2407 te
315 2350 382 2414 fieri]
398 2369 516 2424 vappam
527 2351 610 2406 iubeo
622 2368 653 2405 ao
663 2350 839 2404 nebulonem.

105 2429 155 2483 Est
165 2429 238 2483 inter
248 2429 351 2483 Tanain
365 2425 498 2499 quiddam
510 2442 692 2503 socerumque
702 2425 810 2481 visent.
870 2435 909 2477 tos

106 2505 156 2558 Est
165 2503 266 2558 modus
277 2504 304 2557 in
317 2503 414 2567 rebus¹
427 2512 492 2558 sunt
502 2503 569 2558 certi
580 2501 701 2572 denique
713 2500 790 2556 fines.

106 2597 177 2652 quos
188 2579 259 2633 ultra
274 2579 397 2650 citraque
408 2579 505 2651 nequit
515 2579 665 2634 consistere
676 2584 780 2631 rectum

105 2656 185 2720 llluo,
197 2653 273 2709 unde
284 2654 350 2718 abii,
364 2654 455 2709 redeo.
495 2655 609 2709 Nemon'
619 2660 650 2707 ut
660 2668 759 2706 avarus

105 2748 134 2784 se
145 2730 252 2803 probet,
266 2747 297 2784 ao
307 2732 399 2803 potius
411 2728 502 2784 landet
512 2729 621 2784 diversa
632 2735 789 2798 sequentes.

106 2805 240 2879 quodque
252 2805 341 2860 aliena
355 2804 460 2876 capella
471 2814 549 2876 gerat
561 2803 710 2930 distentLiqs
721 2799 798 2859 uber,
869 2808 908 2849 aro

988 2958 1074 3106 d
