2159 3150
341 299 549 370 rorrrce.
774 298 824 351 uos

69 399 186 473 fingeris
196 397 232 452 ed
242 407 348 453 rectum
360 406 387 453 et
397 408 483 469 perte
496 401 583 471 sepis,
599 399 651 455 boc
664 400 717 456 tibi
730 402 837 461 dictum

70 475 137 530 toiio
148 489 267 529 memor:
280 474 363 528 certis
373 473 498 528 medium
509 483 536 530 et
546 475 690 530 tolerabile
700 477 784 534 rebus

70 558 145 604 recte
154 547 270 604 concedi
281 579 319 590 -
329 548 473 604 consultus
487 549 558 604 iuris
568 558 596 607 st
608 560 683 606 octor

71 641 220 680 causarum
231 623 390 688 mediocris,
403 624 706 681 ebestvirtutcdiserti
839 641 880 686 tto

72 699 218 762 Messalae,
230 716 282 754 nec
291 701 353 764 scit,
365 708 500 770 quantum
512 699 666 756 Casceiiius
676 700 775 769 buius,

72 774 826 851 sedtemeninpretioesu-mediocribusessepoetis

72 868 126 906 non
138 849 275 914 homines,
286 867 340 905 non
352 849 391 914 di,
404 867 458 905 non
467 866 629 906 concessere
639 851 794 909 columnae.

71 926 106 981 Ut
115 933 209 999 grates
220 925 292 980 inter
301 941 411 980 menses
422 925 588 999 symphonia
599 926 706 982 discors

72 1000 605 1074 etcrossumunguentumetSsrdocum
612 1003 824 1075 meilepnpever
841 1015 882 1060 tto

71 1075 225 1139 offendunt,
237 1083 343 1147 poteret
352 1075 417 1130 duci
428 1077 495 1147 quin
506 1093 590 1132 coeno
599 1077 661 1133 sine
671 1078 747 1134 istis:

73 1153 116 1206 sic
126 1151 229 1206 animis
239 1159 333 1206 nutum
345 1151 547 1224 inventumque
557 1169 655 1224 poema
666 1154 807 1219 iuvandis,

72 1228 97 1281 si
107 1225 235 1298 paullum
247 1242 356 1282 summo
367 1225 496 1290 decessit,
507 1228 600 1300 vergit
612 1227 648 1283 ed
658 1229 757 1284 imum.

72 1300 185 1356 Ludere
194 1301 243 1372 qui
253 1302 352 1363 nescit,
367 1302 571 1372 campestribus
580 1302 700 1359 obstinet
710 1305 805 1368 ermis,

73 1376 261 1447 indoctusque
272 1377 346 1447 piise
358 1376 465 1431 discive
474 1377 600 1432 trochive
611 1378 741 1450 quiescit,
842 1389 883 1433 tut

73 1469 108 1506 ne
121 1451 231 1522 spissae
242 1451 330 1505 risum
341 1451 438 1507 tolient
447 1452 563 1523 impune
573 1469 703 1520 coronam

72 1526 336 1599 quinescit‚versus
345 1534 436 1582 temen
449 1526 531 1583 sudet
541 1525 664 1601 fingere?
673 1525 699 1603 ἹῘ
705 1526 829 1595 Quidni?

74 1603 148 1658 iiber
159 1610 186 1657 et
196 1602 345 1674 ingenuus,
357 1602 518 1673 praesertim
530 1620 631 1658 census
642 1613 798 1676 equestrem

74 1694 214 1733 summam
225 1693 412 1742 nummorum,
424 1678 549 1749 vitioque
559 1688 680 1735 remotus
690 1679 725 1734 ob
735 1680 822 1735 omni.

74 1752 153 1827 iiTu
168 1751 239 1806 nibil
251 1752 339 1807 invito
349 1751 426 1807 dices
438 1751 558 1809 faciesve
568 1755 702 1818 Minerva,
844 1764 884 1809 tts

74 1828 105 1882 id
115 1827 169 1883 tibi
181 1826 392 1891 iudiciumosto,
400 1844 529 1883 sumens:
542 1829 566 1883 si
578 1829 647 1899 quid
658 1838 749 1883 temen
760 1829 827 1884 olim

74 1903 233 1974 scripseris,
245 1903 274 1957 in
284 1903 373 1957 Maeci
383 1902 532 1957 descendet
542 1904 646 1958 iudicis
657 1920 738 1958 eures

75 1988 102 2035 et
111 1978 201 2051 petris
215 1986 243 2033 et
252 1985 367 2039 nostres,
380 1994 540 2049 nonumque
550 1985 691 2049 prematur
703 1979 733 2033 in
744 1996 857 2045 annum,

75 2052 248 2109 membranis
258 2052 333 2107 intus
343 2054 453 2125 positis.
482 2054 578 2107 Delere
590 2053 695 2117 iicebit,

75 2127 153 2201 quod
165 2145 219 2182 nou
230 2126 367 2194 edideris3
381 2128 470 2182 nescit
479 2145 535 2183 vox
546 2127 631 2182 misso
642 2128 754 2183 roverti.
816 2190 820 2198 ¹
844 2139 885 2184 tut
924 2194 928 2201 .

115 2202 266 2258 Silvestres
277 2202 404 2257 homines
414 2220 492 2257 socer
502 2204 695 2274 interpresque
706 2203 822 2258 deorum

77 2277 212 2333 coedibus
224 2287 251 2332 et
260 2278 337 2332 victu
349 2276 429 2333 foedo
440 2277 574 2332 deterruit
584 2276 722 2349 Orpheus,

77 2354 171 2408 dictus
185 2352 222 2407 ob
233 2351 284 2407 boc
295 2352 382 2407 lenire
393 2354 477 2424 tigres
488 2351 657 2423 rabidosque
667 2353 770 2408 leones.

76 2428 174 2483 Dictus
185 2436 212 2483 ot
220 2427 370 2498 Amphion,
382 2426 529 2482 Thebanae
543 2427 669 2482 conditor
678 2427 767 2490 urbis,

77 2519 145 2557 saxu
157 2518 268 2557 movere
278 2519 345 2557 sono
356 2502 504 2557 testudinis
514 2510 542 2557 et
552 2520 633 2573 prece
644 2502 746 2557 biunde
845 2511 886 2556 tto

79 2576 192 2640 ducere,
204 2593 260 2648 quo
270 2576 364 2631 vellet.
381 2576 445 2631 Fuit
456 2577 524 2631 boec
533 2578 670 2649 sapientie
679 2576 829 2650 quondum,

77 2651 193 2721 publice
205 2651 323 2721 privetis
331 2667 483 2715 secernere,
495 2668 573 2706 secra
583 2651 716 2723 profanis,

79 2724 231 2782 concubitu
244 2726 392 2796 prohibero
404 2742 482 2797 vago,
496 2725 562 2781 dere
572 2728 633 2781 iure
646 2726 763 2791 meritis,

82 2800 183 2872 oppidu
195 2800 297 2863 moliri,
314 2801 389 2872 leges
399 2800 523 2854 incidere
534 2800 625 2871 liguo:
