2159 3150
366 293 501 338 LIBER
540 294 583 338 111.

171 410 223 448 seu
233 392 316 448 malis
328 393 413 448 vetita
424 392 536 466 legibus
547 394 616 458 alea,

129 486 223 542 quum
233 469 346 540 periura
357 468 444 540 patris
456 467 525 523 fides

171 553 327 599 consortem
342 545 450 598 socium
461 542 539 599 fallat
550 553 577 599 et
587 543 725 617 hospitem
881 557 906 601 aa

129 619 308 693 indignoque
317 619 467 691 pecuniam
570 635 574 644 ’

170 694 268 749 heredi
279 702 418 766 properet.
459 693 574 749 Scilicet
587 695 730 766 improbae

128 770 403 825 crescuntdivitiae:
424 779 517 825 umen

170 854 266 901 curtae
276 846 371 900 nescio
380 845 451 916 quid
460 862 572 917 semper
582 843 661 899 abest
671 845 721 899 rei.

342 1046 460 1108 ODE
501 1047 598 1108 XXV.

294 1163 629 1207 ennaccaun.

90 1369 157 1403 Ιιίιιι
175 1369 261 1403 {crum
277 1369 302 1403 (is
315 1369 400 1411 Angusta
413 1369 505 1405 lendibus
520 1372 636 1408 cantaturus
649 1370 686 1405 hoc
701 1369 788 1405 cumin·
801 1370 850 1405 Bu·

189 1433 248 1467 clim
257 1432 337 1468 invoca
347 1433 430 1476 amque
438 1434 549 1478 patenam
559 1433 644 1470 exsenia
665 1434 724 1468 Matr.
734 1433 760 1470 V.

93 1503 163 1580 Quo
174 1530 229 1578 me,
240 1512 356 1578 Bacche,
371 1515 447 1587 rapis
457 1515 498 1569 tui

133 1588 268 1661 plenum?
278 1606 350 1661 quae
360 1607 471 1645 nemora
483 1599 530 1646 aut
540 1608 611 1663 quos
622 1608 687 1665 agor
698 1593 726 1647 in
738 1608 849 1665 specus,

94 1665 180 1720 velox
190 1674 283 1720 mente
293 1664 383 1720 nova?
393 1666 498 1737 quibus

134 1742 223 1795 antris
233 1742 340 1814 egregii
351 1740 477 1797 Caesaris
487 1742 585 1797 audiar

95 1824 240 1871 aeternum
251 1815 388 1871 meditans
398 1816 486 1872 decus

134 1891 226 1945 stellis
235 1892 358 1947 inserere
370 1900 397 1946 et
407 1892 525 1947 consilio
535 1890 627 1947 lovis?

94 1968 193 2021 Dicam
204 1968 326 2040 insigne,
339 1984 449 2030 recens,
462 1967 554 2023 adhuc

136 2042 275 2098 indictum
288 2059 335 2098 ore
346 2042 410 2098 aiio.
450 2044 510 2098 Non
521 2060 602 2098 secus
613 2044 642 2097 in
654 2044 730 2117 iugis

94 2118 241 2172 exsomnis
251 2125 345 2189 stupet
354 2119 449 2183 Evina,

134 2193 258 2249 Hebrum
270 2194 444 2265 prospiciens
454 2202 482 2250 et
491 2194 557 2249 nive
567 2193 716 2249 candidam
882 2202 908 2246 1⁰

95 2269 225 2324 Thracen
236 2285 268 2323 ac
278 2268 350 2341 pade
361 2269 478 2325 barbaro

136 2345 282 2400 lustratam
293 2344 455 2417 Rhodopen,
467 2354 498 2402 ut
509 2344 580 2400 mihi
590 2344 673 2399 devio

95 2422 175 2493 ripas
185 2428 213 2476 et
222 2436 342 2475 vacuum
356 2438 456 2476 nemus

135 2496 234 2551 mirari
245 2495 324 2550 libet.
364 2495 534 2552 ONnindnm
546 2503 643 2568 potens

93 2571 326 2643 Baccharumque
337 2571 490 2627 valentium
705 2634 707 2639 ¹
884 2576 910 2619 15

135 2663 266 2720 proceras
276 2647 408 2702 menibus
418 2655 525 2702 vertere
536 2644 673 2700 fraxinosl

96 2724 138 2779 nil
149 2740 271 2796 parvum
282 2731 330 2778 aut
339 2722 441 2778 humili
452 2722 543 2785 modo,

135 2797 180 2854 nil
189 2798 306 2854 mortale
317 2799 425 2870 loquar.
466 2797 551 2851 Dulce
562 2792 717 2920 pericagupr
732 2799 783 2851 est.
