2159 3150
224 236 303 281 nra.
324 235 342 279 1.
375 235 740 282 srrsr.xv111.x1n
809 228 859 288 att

282 461 554 526 EPISTOLA
595 465 681 524 xlx.

198 583 242 624 an
257 582 364 624 cumn
379 583 520 624 crnrunu
533 582 772 625 nancanarnac

100 789 132 824 De
141 788 288 831 imitatoribus,
298 792 318 822 at
328 798 410 831 qnam
420 788 537 831 quibusdam
547 789 608 831 poeta
615 788 681 822 natans
690 798 727 832 pre
736 789 808 825 memte
816 789 860 826 lu·

451 853 516 886 detur.

101 927 204 988 Prisco
214 933 238 986 si
253 933 355 998 eredis,
367 935 510 990 Maecenas
521 933 612 998 docte,
627 933 747 998 Cratino,

102 1009 183 1064 nulia
194 1009 304 1080 placere
315 1009 365 1064 din
376 1027 427 1064 nec
438 1010 533 1064 vivere
544 1009 667 1064 carmina
678 1017 806 1081 possunt,

103 1102 178 1157 quae
188 1084 350 1140 scribuntur
360 1102 448 1156 aquae
458 1085 614 1157 potoribus.
644 1085 679 1140 Ut
689 1085 762 1140 male
772 1102 854 1141 sanos

103 1161 256 1231 adscripsit
266 1160 350 1215 Liber
361 1159 469 1234 Satyris
481 1160 641 1231 Faunisque
651 1170 756 1232 poetas,

103 1236 171 1291 vina
183 1234 349 1291 teredulces
359 1237 488 1291 oluerunt
499 1252 580 1290 mane
591 1235 738 1292 Camenae.
903 1247 915 1290 t

103 1309 249 1366 Laudibus
261 1313 387 1384 arguitur
398 1311 457 1365 vini
469 1311 586 1366 vinosus
596 1313 744 1378 Homerus3

103 1387 213 1441 Ennius
225 1388 285 1458 ipse
297 1397 374 1458 pater
383 1402 536 1458 numquam
548 1386 603 1440 nisi
614 1396 695 1457 potus
706 1385 740 1440 ad
751 1403 826 1440 arma

103 1461 376 1535 prosiluitdicenda.
405 1462 520 1516 »Forum
532 1462 682 1532 putentque
692 1461 808 1516 Libonis

103 1537 258 1593 »mandabo
272 1539 365 1602 siccis,
381 1536 503 1593 adimam
514 1545 623 1593 canusa
634 1537 740 1593 severis
750 1557 755 1592 :
766 1557 779 1590 a

105 1614 159 1668 hoc
169 1613 253 1668 simul
265 1614 352 1675 edixi,
368 1630 421 1668 non
432 1630 576 1668 cessavere
587 1622 683 1684 poetae

106 1700 241 1744 nocturno
252 1699 355 1745 certare
367 1705 451 1753 mero,
466 1697 564 1760 putere
577 1688 687 1744 diurno.

104 1763 199 1831 Quint
208 1764 232 1818 si
243 1766 308 1835 quis
319 1764 397 1819 vultu
409 1774 487 1819 torvo
499 1764 574 1818 ierus
583 1772 610 1818 et
619 1764 690 1836 pede
701 1762 776 1818 nudo

105 1843 283 1913 exiguaeque
295 1850 373 1913 togae
383 1839 497 1894 simulet
507 1848 613 1894 textore
624 1839 763 1901 Catonem,

105 1919 276 1972 virtutemne
287 1923 473 1988 repraesentet
484 1931 630 1985 moresque
641 1911 771 1970 Catonis?

105 1994 194 2063 Rupit
203 1991 333 2046 Iarbitam
345 1990 503 2063 Timagenis
514 1991 623 2045 aemula
634 1989 740 2062 lingua,
770 2040 776 2050 ‚

105 2068 175 2123 dum
186 2066 280 2122 studet
291 2066 414 2122 urbanus
426 2064 570 2136 tenditque
581 2065 703 2121 disertus
714 2063 821 2119 haberi.

105 2143 216 2213 Decipit
227 2143 369 2213 exemplar
381 2142 458 2195 vitiis
469 2140 621 2195 imitabile:
643 2139 743 2211 quodsi

106 2219 241 2291 pallerem
256 2234 331 2282 casu,
348 2218 476 2271 biberent
487 2233 628 2289 exsangue
639 2218 794 2270 cuminum.

105 2294 129 2349 0
141 2296 303 2357 imitatores,
317 2310 429 2347 servum
441 2309 536 2363 pecus,
554 2301 584 2345 nt
595 2292 664 2345 mihi
675 2306 758 2361 saepe

105 2370 204 2433 bilem,
221 2386 304 2441 saepe
315 2370 408 2424 iocum
418 2369 503 2423 vestri
516 2384 627 2422 movere
637 2364 787 2422 tumultus!

105 2445 208 2500 Libera
219 2452 399 2515 pervacuum
412 2444 492 2515 posui
503 2444 620 2516 vestigia
633 2443 773 2514 princeps,

106 2538 161 2575 ncn
174 2520 266 2575 aliena
278 2537 339 2575 meo
349 2520 438 2592 pressi
451 2518 532 2589 pede.
566 2516 619 2585 Qui
631 2517 687 2572 sibi
700 2516 769 2579 fidit,

106 2596 167 2651 dux
180 2597 252 2669 regit
267 2612 394 2651 examen.
424 2595 519 2650 Parios
528 2611 581 2666 ego
593 2594 702 2666 primus
712 2591 821 2647 iambos

105 2670 218 2739 ostendi
229 2671 318 2735 Latio,
332 2687 461 2727 numeros
472 2670 636 2741 animosque
646 2677 783 2740 sequutus

107 2747 281 2811 Archilochi,
296 2763 350 2801 non
361 2764 405 2801 res
416 2754 442 2800 et
453 2746 563 2818 agentia
576 2745 660 2799 verba
672 2743 842 2815 Lycamben.
890 2751 918 2795 25
