2159 3150
365 299 574 345 LIBER-11.

349 542 467 640 ons
510 543 591 638 mv.
710 575 718 584 ·

317 678 363 714 AD
396 678 628 715 possulum

87 918 121 953 ob
130 918 187 952 vite·
196 914 318 950 uterinum
325 912 402 955 meost,
412 913 435 946 nt
443 911 493 956 sint,
503 921 544 947 non
554 911 634 955 huetii,
644 913 706 950 vivet.
730 915 789 952 lon.
798 917 851 954 m

127 990 214 1052 Eheu
226 994 352 1069 fugaces,
363 993 503 1058 Postume,
514 993 654 1052 Postume.

74 1119 77 1125 .
129 1073 264 1129 labuntur
274 1069 351 1133 anni,
364 1085 416 1124 nec
425 1069 516 1140 pietas
526 1085 631 1123 moram

168 1149 248 1222 rugis
260 1153 286 1201 et
296 1144 412 1200 instanti
422 1152 550 1199 senectae

207 1221 302 1277 afferet
313 1218 521 1290 indomitaeque
535 1218 631 1286 morti;
686 1274 688 1277 ,
773 1223 777 1230 “

130 1329 197 1376 non,
211 1312 235 1366 si
246 1312 376 1376 trecenis,
389 1315 525 1383 quotquot
536 1319 604 1366 eunt
617 1302 687 1375 die's,

131 1389 232 1451 amice,
245 1387 340 1458 places
350 1383 577 1441 illacrimabilem

169 1463 286 1518 Plutona
298 1462 395 1526 tauris,
410 1462 460 1534 qui
471 1467 512 1516 ter
523 1461 648 1534 emplum

206 1537 354 1611 Geryonen
365 1537 521 1611 Tityonque
533 1537 605 1593 tristi

130 1630 285 1703 compescit
294 1628 378 1693 unda,
390 1628 499 1692 scilieet
509 1629 651 1693 omnibus,

129 1708 304 1779 quicumque
314 1714 404 1760 terroe
414 1717 529 1759 munere
543 1706 694 1770 vescimur,

169 1779 355 1854 enaviganda,
372 1781 433 1835 sive
445 1795 525 1853 reges

180 1896 184 1903 .
205 1857 267 1911 sive
280 1856 378 1928 inopes
391 1856 496 1911 erimus
508 1854 610 1910 coloni.

130 1951 245 2005 Frustra
256 1948 370 2004 cruento
380 1946 466 2004 Marte
480 1946 639 2002 carebimus

130 2024 285 2096 fractisque
296 2024 374 2080 rauci
384 2021 517 2079 fluctibus
528 2020 658 2087 Hadriae,

170 2099 273 2173 frustra
283 2116 334 2172 per
344 2107 492 2155 autumnos
503 2107 648 2153 nocentem

209 2174 375 2248 corporibus
384 2184 543 2230 metuemus
552 2172 686 2229 Austrum

130 2267 277 2325 visendus·
288 2276 346 2323 ater
356 2264 470 2321 flumine
482 2264 617 2339 languido

130 2343 253 2418 Cocytus
263 2354 358 2398 errans
369 2350 396 2398 et
406 2340 490 2397 Danai
500 2356 590 2415 genus
648 2370 651 2375 ·

170 2418 275 2475 infame
286 2418 489 2489 damnatusque
501 2416 580 2490 longi

209 2493 350 2569 Sisyphus
361 2492 491 2549 Aeolides
503 2490 617 2547 laboris.

131 2586 300 2659 Linquenda
310 2584 394 2642 tellus
404 2594 432 2639 et
443 2584 543 2649 domus
554 2592 581 2639 et
590 2582 707 2655 placens
725 2583 731 2593 ‘

130 2680 217 2730 uxor;
231 2678 323 2734 neque
333 2662 443 2724 harum,
456 2678 526 2731 quas
536 2658 615 2721 colis,
629 2656 759 2712 arborum

173 2747 209 2803 te,
221 2746 331 2810 praeter
340 2736 447 2792 invisas
459 2750 615 2806 cupressos,
731 2730 736 2737 ’

210 2813 268 2868 ulla
280 2812 395 2868 brevem
406 2810 552 2866 dominum
563 2816 705 2880 sequetur.
