2159 3150
227 307 275 359 120
506 309 694 356 ODARUM

223 412 294 482 Quis
303 413 366 476 seit,
375 428 409 466 an
421 408 555 466 adiiciant
563 409 839 466 hodiernaaorastina
849 429 978 470 summae

263 496 386 560 tempora
396 485 426 542 di
436 483 551 558 superi?

222 563 328 622 Cuncta
340 579 441 618 manus
452 561 550 618 avidas
560 561 670 636 fugient
679 560 800 625 heredis,
817 564 907 619 amico

165 653 192 697 tt
259 657 331 712 quaa
342 636 454 694 dederis
464 638 568 694 animo.

222 714 314 785 Quum
328 714 414 770 semel
425 713 562 769 occideris
576 720 605 769 et
614 711 650 768 de
661 721 687 770 ta
698 711 846 786 splendida
859 715 952 771 Minos

261 789 491 853 ieceritarbitria,

224 884 288 931 aon,
304 869 449 938 Torquato,
461 881 562 939 genus,
575 880 629 920 uon
640 871 667 920 ta
678 862 818 930 facundia,
831 881 886 920 non
897 875 924 921 te

262 944 389 999 restituet
398 942 498 1015 pietas.

164 1031 191 1073 25
222 1017 341 1074 infernis
351 1034 442 1090 neque
452 1016 527 1072 enim
538 1014 662 1073 tenebris
673 1016 756 1071 Diana
767 1015 904 1089 pudicum

258 1094 357 1150 liberat
370 1091 566 1167 Hippolytum

219 1186 271 1226 neo
284 1168 403 1226 Lethaea
416 1168 491 1226 valet
501 1166 625 1224 Theseus
640 1165 804 1240 abrumpere
817 1185 880 1224 caro

258 1245 370 1302 vincula
380 1243 513 1301 Pirithoo.

470 1460 542 1522 01)
564 1461 588 1521 E
630 1461 712 1523 vul.

352 1580 395 1623 ao
410 1580 838 1625 o.uaacruuoausoa1uou.

218 1786 281 1824 §uun
293 1790 313 1823 at
325 1788 425 1823 lunarum
438 1786 522 1823 anton
533 1786 654 1833 ὰοωιιηι,
670 1786 746 1821 uultum
758 1788 787 1823 att
798 1788 870 1823 donam
883 1791 972 1827 carmin

269 1860 313 1887 οικ
322 1852 396 1895 ndu,
410 1852 485 1898 quippe
498 1860 538 1895 quo
547 1851 615 1895 mal
623 1850 663 1887 viri
672 1860 740 1887 verua
750 1850 917 1887 immaurus-m
924 1861 972 1889 oon·

268 1918 383 1960 mutatur.
406 1916 464 1952 latr.
478 1916 495 1951 1.

217 1986 360 2054 Donarem
369 2006 478 2071 pateras
486 2006 620 2072 grateque
633 1996 804 2061 commodus,

219 2072 377 2138 Censorino,
393 2074 463 2130 meis
476 2091 537 2129 aera
548 2072 702 2134 sodalibus,
851 2082 855 2089 '

218 2146 350 2205 donarem
360 2149 492 2222 tripodas,
504 2150 628 2221 praemia
639 2148 752 2206 fortium

220 2224 381 2282 Graiorum:
394 2243 484 2298 neque
495 2234 526 2280 tu
536 2226 659 2298 pessima
670 2241 816 2281 munerum

161 2312 173 2353 5
220 2298 315 2364 ferres,
330 2300 418 2357 divite
428 2320 472 2357 me
482 2302 591 2357 scilicet
601 2302 713 2365 artium,

216 2393 287 2449 quas
298 2386 344 2432 aut
354 2377 517 2433 Parrhasius
531 2378 647 2449 protulit
656 2386 703 2433 aut
712 2375 825 2449 Scopas,

216 2450 263 2508 hio
272 2469 349 2515 saxo,
364 2452 481 2526 liquidis
490 2452 544 2517 ille,
550 2453 690 2509 coloribus

216 2527 315 2584 sollers
326 2545 400 2583 nuno
411 2528 553 2583 hominem
563 2546 675 2601 ponera,
688 2545 762 2583 nuno
772 2527 867 2583 deum.

218 2602 274 2659 Sed
285 2620 339 2657 nou
349 2603 417 2658 haec
427 2603 497 2657 mihi
510 2605 565 2668 vis,
578 2622 632 2660 non
643 2604 695 2660 tibi
706 2603 803 2659 talium

158 2687 187 2729 at
216 2694 260 2732 res
271 2685 313 2732 est
323 2687 370 2731 aut
381 2678 490 2732 animus
500 2676 664 2734 deliciarum
675 2696 771 2752 egens.

216 2751 328 2808 Gaudes
338 2752 523 2807 carminibus:
546 2756 669 2809 carmina
679 2771 828 2826 possumus

210 2824 318 2881 donare
329 2837 355 2881 et
364 2827 484 2899 pretium
494 2826 587 2883 dicere
599 2830 733 2885 muneris.
