2159 3150
298 293 375 338 LIB.
395 294 412 336 l.
447 292 536 364 sss'
557 292 637 337 VIII.
792 288 840 339 l89

75 411 187 467 aggere
199 394 229 447 in
241 394 335 465 aprico
346 394 469 465 spatiari,
485 393 632 464 quomodo
644 395 736 449 tristes
869 405 895 450 rt

87 470 159 525 albis
171 469 320 524 informem
330 470 492 540 spectabant
502 471 613 524 ossibus
624 487 735 542 agrum;

87 564 173 617 quum
187 545 258 599 mibi
270 564 324 600 non
334 555 439 599 tantum
453 544 583 616 furesque
597 544 735 616 feraeque,
747 548 840 600 suetae

88 622 162 677 bunc
175 638 276 675 vexare
289 622 388 683 locum,
401 632 559 679 curaesunt
569 632 650 692 atque
666 621 763 684 labori,

87 706 223 771 quantum
238 698 409 751 carminibus
421 714 492 768 quae
504 707 616 751 versant
625 707 707 768 atque
719 700 834 753 venenis

87 774 225 828 humanos
237 775 358 827 animos:
381 773 431 827 bas
445 773 522 827 nullo
533 772 649 845 perdere
660 790 774 845 possum
868 784 895 828 2⁰

87 866 138 903 nee
148 848 299 919 probibere
309 848 399 911 modo,
412 848 496 902 simul
509 866 540 901 ac
552 866 622 921 vaga
632 849 697 903 luna
709 849 839 903 decorum

87 925 204 996 protulit
212 941 257 988 os,
273 927 341 995 quin
353 942 414 978 ossa
426 924 519 996 legant
529 924 686 995 herbasque
697 934 838 979 nocentes.

87 1001 152 1069 Vidi
168 1010 278 1072 egomet
289 1001 368 1073 nigra
379 1000 548 1054 succinctam
560 1000 661 1054 vadere
671 1000 745 1072 palla

87 1076 234 1132 Canidiam
245 1076 365 1147 pedibus
377 1076 460 1130 nudis
471 1093 608 1147 passoque
620 1076 731 1147 capillo,

86 1170 151 1206 eum
163 1152 272 1224 Sagana
282 1153 385 1206 maiore
400 1152 564 1207 ululantem.
593 1152 683 1206 Pallor
695 1162 825 1223 utrasque
868 1161 895 1205 25

86 1228 191 1283 iecerat
203 1228 352 1282 horrendas
364 1228 507 1299 adspectu.
538 1227 669 1299 Scalpere
682 1238 781 1283 terram

85 1304 233 1377 unguibus
247 1313 274 1357 et
284 1305 389 1374 pullam
401 1304 534 1358 divellere
549 1303 690 1358 mordicus
702 1320 801 1376 agnam

86 1389 251 1452 coeperunt;
265 1397 345 1434 cruor
354 1381 382 1433 in
395 1378 496 1443 fossam
508 1379 650 1442 confusus,
664 1389 694 1433 ut
704 1378 770 1434 iude

85 1458 182 1512 Manes
193 1456 334 1519 elicerent,
346 1458 452 1510 animas
463 1474 594 1526 responsa
606 1455 728 1509 daturas.

86 1532 177 1588 Lanea
189 1542 216 1588 et
227 1530 335 1604 effigies
347 1542 413 1596 erat,
428 1532 512 1588 altera
523 1549 614 1587 cerea:
632 1531 719 1586 maior
867 1528 895 1584 'to

85 1609 176 1672 lanea,
190 1626 261 1680 quae
274 1609 371 1680 poenis
383 1618 569 1680 compesceret
580 1607 753 1674 inferiorem

85 1703 165 1740 cerea
176 1685 341 1756 suppliciter
351 1685 449 1745 stabat,
462 1684 614 1740 servilibus
626 1694 656 1738 ut
665 1700 736 1755 quae

86 1763 140 1816 iam
153 1763 277 1832 peritura
287 1760 387 1815 modis.
403 1763 521 1815 Hecaten
532 1771 611 1815 vocat
620 1761 714 1822 altera,
726 1777 837 1814 saevam

84 1838 173 1892 altera
184 1836 368 1908 Tisiphonen;
390 1847 531 1907 serpentes
541 1846 624 1908 etque
635 1836 744 1889 videres

84 1911 211 1967 infernas
221 1929 310 1966 errare
321 1930 412 1974 canes,
430 1913 579 1984 lunamque
591 1912 746 1976 rubentem,
868 1919 895 1963 tt
908 1950 909 1953 ,

84 2007 120 2043 ne
131 1988 202 2044 foret
213 1987 258 2041 bis
269 1990 356 2049 testis,
368 1999 430 2059 post
441 2006 541 2062 magna
552 1989 637 2043 latere
647 1987 786 2058 sepulcra.

84 2065 204 2120 Mentior
215 2073 242 2118 at
252 2067 276 2116 si
288 2064 366 2134 quid,
380 2064 482 2118 merdis
494 2073 577 2135 caput
588 2064 719 2134 inquiner
729 2063 801 2117 albis

84 2157 233 2196 corvorum
245 2151 327 2211 atque
338 2137 857 2210 inmeveniatmictumatquecacatum

84 2217 175 2271 lulius
187 2225 214 2270 et
225 2215 334 2288 fragilis
345 2215 467 2270 Pediatia
480 2217 580 2287 furque
590 2216 726 2271 Voranus.

85 2291 838 2365 Singulaquidmemorem‘lquopactoalternaloquen-

585 2378 626 2422 tes
868 2371 895 2418 lo

84 2444 202 2498 umbrae
213 2459 277 2515 cum
289 2442 396 2510 Sagana
408 2444 562 2498 resonarint
573 2444 650 2497 triste
661 2453 688 2496 et
701 2450 823 2506 acutum,

84 2529 172 2591 utque
183 2519 245 2590 lupi
257 2518 369 2573 barbam
384 2519 475 2573 variae
486 2536 550 2572 cum
561 2518 642 2572 dente
653 2517 783 2572 colubrae

85 2595 247 2650 abdiderint
257 2594 353 2648 furtim
364 2596 445 2649 terris
456 2605 482 2649 et
494 2596 616 2667 imagine
628 2612 706 2649 cerea

85 2672 189 2744 largior
200 2671 297 2725 arserit
308 2671 392 2742 ignis,
405 2679 432 2724 et
446 2679 539 2724 utnon
551 2671 630 2725 testis
640 2669 756 2730 inultus,
805 2736 809 2742 Δ

84 2748 242 2803 horruerim
255 2762 336 2801 voces
347 2747 493 2812 Furiarum
504 2754 531 2799 et
542 2745 611 2799 lacta
623 2745 752 2799 duarum.
869 2747 895 2794 45

84 2825 164 2886 Nam,
179 2822 304 2894 displosa
315 2830 394 2876 sonat
404 2831 538 2892 quantum
551 2820 654 2882 vesica,
666 2817 769 2890 pepedi
