2159 3150
370 283 507 330 LIBER
547 287 589 330 ΠΙ.

346 448 372 510 Ο
393 449 419 509 D
440 450 465 510 Ε
506 451 605 512 XVli.

270 566 319 608 ar>
340 568 494 610 aemuia
516 569 679 612 usurum.

99 769 211 808 mun
221 770 240 806 ei
250 771 303 806 ulan
310 770 365 806 lut·
379 771 433 806 demi
446 772 597 815 mumdum
611 775 655 810 sara
667 777 750 822 prepter
759 775 855 824 pluviam,

252 843 313 878 qum
320 834 424 871 tumtur·
436 839 552 878 sumtu.
577 837 636 872 Matr.
645 838 698 876 XVI.

133 905 202 970 Aeli
214 923 325 970 vetusto
334 915 437 970 nobilis
449 915 483 971 ab
494 916 588 984 Lamo,
600 949 639 962 -

134 989 248 1062 quaudo
258 998 285 1045 et
294 991 401 1062 priores
412 990 479 1046 hine
488 992 599 1048 Lamias
610 992 703 1050 ierunt

173 1065 366 1120 denominatos
376 1074 404 1120 et
414 1077 546 1138 nepotum

210 1157 260 1213 per
271 1157 407 1196 memores
417 1158 507 1216 genus
516 1159 597 1198 omne
609 1142 706 1212 fast0s3

133 1241 245 1288 auctore
255 1233 291 1288 ab
301 1233 351 1288 illo
361 1232 439 1290 ducit
447 1235 597 1308 originem,

132 1309 184 1380 qui
195 1308 370 1364 Formiarum
382 1310 489 1364 moenia
501 1308 605 1365 dicitur

173 1384 307 1459 princeps
317 1392 344 1438 et
354 1385 496 1438 innantem
506 1386 625 1440 Maricae

209 1458 340 1514 litoribus
351 1459 474 1514 tenuisse
485 1458 583 1524 Lirim,

133 1558 188 1607 tate
199 1559 349 1626 tyrannum
362 1582 401 1593 -
411 1568 471 1606 eras
481 1549 556 1606 foliis
568 1568 666 1607 nemus

132 1627 232 1683 multis
242 1635 269 1681 et
280 1626 342 1699 alga
352 1626 419 1681 litus
431 1626 525 1681 inutili

171 1702 295 1759 demissa
306 1710 456 1773 tempestas
467 1700 502 1756 ab
513 1702 587 1756 Euro

207 1785 323 1841 sternet.
338 1794 427 1848 aquae
438 1774 493 1831 nisi
504 1775 577 1831 fallit
587 1792 676 1850 augur

131 1886 238 1925 annosa
247 1870 358 1925 cornix.
396 1869 566 1941 impotes,
579 1867 690 1923 aridum

130 1961 269 2017 compone
280 1944 406 2017 liguum:
417 1960 478 1999 cras
489 1944 610 2001 Genium
622 1960 697 1999 mero

171 2019 286 2076 curabis
296 2028 323 2074 et
332 2036 416 2091 poree
426 2019 564 2083 bimestri,
882 2028 908 2073 15

207 2112 273 2151 eum
285 2093 397 2149 iamuiis
408 2112 523 2166 operum
534 2094 644 2149 solutis.

341 2256 367 2318 0
388 2258 459 2318 DE
500 2256 615 2317 xviu

369 2375 412 2416 ap
430 2374 575 2416 rausum

86 2578 225 2624 remmam,
239 2586 292 2622 qam
299 2578 362 2615 lienis
370 2578 514 2615 Decembribus
526 2579 649 2623 tuebantur,
663 2578 756 2621 hymnum
771 2578 851 2613 meleta.

406 2644 464 2678 latr.
479 2642 542 2677 xm.

127 2707 242 2779 Pauus,
253 2715 447 2789 Nympharum
459 2714 615 2789 fugientum
628 2723 740 2774 amator,

130 2807 183 2861 per
195 2805 272 2845 meos
283 2789 353 2845 {ines
363 2798 390 2845 et
401 2791 494 2861 aprica
506 2806 569 2842 rure
