2159 3150
153 325 154 329 Ἰ
194 258 244 312 286
408 262 735 309 urrsrousuuu

194 366 245 419 rite
257 364 346 419 cliens
356 363 457 418 bacchi
468 380 566 418 somno
576 363 725 436 gaudentis
735 373 763 420 et
772 365 886 420 umbra:

194 450 223 494 tu
236 456 280 494 me
291 440 363 493 inter
373 439 507 509 strepitus
518 448 667 494 nocturnos
678 450 760 511 atque
771 439 889 495 diurnos

136 527 162 570 8⁰
192 517 236 569 vis
247 531 345 570 canere
356 522 383 569 et
393 523 517 568 contacta
529 517 610 585 sequi
624 515 743 588 vestigia
758 515 872 571 vatum?

194 591 351 664 Ingenium,
363 589 418 644 sibi
430 588 506 660 quod
517 607 619 644 vacuas
631 589 789 661 desumpsit
799 591 923 647 Athenas

193 677 219 722 et
231 666 333 722 studiis
345 682 431 720 annos
442 675 549 736 septem
561 665 639 720 dedit
648 667 829 738 insenuitque

193 742 274 797 libris
286 750 312 796 et
323 741 408 805 curis,
420 749 510 795 statua
521 742 688 796 taciturnius
699 742 758 796 exit

193 818 359 890 plerumque
370 825 397 871 et
408 817 467 870 risu
478 816 614 888 populum
625 818 729 888 quatit:
742 816 789 870 bic
798 834 849 890 ego
855 835 952 874 rerum

136 903 163 948 85
193 892 325 948 fluctibus
340 892 369 946 in
382 891 483 946 mediis
494 901 522 947 et
531 892 745 963 tempestatibus
756 892 836 947 urbis

193 967 277 1023 verba
290 968 365 1042 lyrae
377 977 484 1023 motura
495 984 596 1022 sonum
607 978 770 1023 connectere
780 967 899 1041 digner?

252 1045 345 1098 Frater
356 1052 414 1098 erat
425 1044 526 1098 Romae
537 1044 658 1098 musulti
668 1044 771 1108 rhetor,
782 1053 813 1099 ut
823 1044 893 1099 alter

194 1119 308 1174 alterius
319 1135 445 1174 sermone
457 1137 548 1174 meros
558 1119 668 1174 audiret
679 1120 806 1184 bonores,

193 1194 335 1250 Gracchus
345 1203 375 1249 ut
386 1194 433 1248 bic
442 1194 496 1259 ilii,
509 1194 578 1249 foret
588 1195 655 1250 huic
666 1204 696 1250 ut
706 1196 816 1251 Mucius
826 1196 885 1251 ille.

136 1282 163 1326 ao
192 1270 245 1337 Qut
258 1271 351 1324 minus
361 1278 473 1342 argutos
485 1281 568 1325 vexat
580 1270 655 1326 furor
666 1273 717 1325 iste
729 1270 843 1342 poetas?

194 1346 323 1401 Carmina
334 1362 477 1416 compono,
489 1345 536 1400 bic
548 1347 641 1419 elegos
650 1377 689 1388 —
702 1346 832 1402 mirabile
843 1347 906 1402 visu

193 1422 948 1494 caelatumqusnovemMusisopusiridspiceprimum,

194 1506 298 1569 quanto
309 1513 372 1550 cum
385 1497 468 1562 tastu,
480 1507 585 1569 quanto
596 1498 739 1552 molimine
750 1499 872 1552 circum·

195 1582 353 1644 spectemus
365 1590 481 1629 vacuam
493 1573 625 1628 Romanis
636 1573 749 1629 vatibus
760 1573 870 1642 aedem;

137 1658 162 1702 ts
193 1666 257 1704 mox
268 1649 360 1709 etiam,
372 1649 396 1702 si
409 1648 477 1704 forte
489 1666 582 1712 vacas,
593 1667 711 1720 sequere
725 1661 751 1704 et
762 1651 858 1721 procul
871 1649 949 1715 audi,

194 1723 263 1795 quid
276 1722 344 1778 serat
355 1732 382 1777 et
391 1740 478 1795 quare
489 1725 545 1779 sibi
558 1734 648 1780 nectat
659 1735 777 1797 uterque
790 1743 930 1781 coronam.
964 1782 974 1801 ,.

197 1799 359 1864 Cocdimnr,
375 1809 402 1855 et
412 1800 526 1855 totidem
538 1801 629 1874 plagis
639 1804 831 1856 consumimus
842 1802 951 1857 bostem

196 1876 269 1930 lento
281 1875 419 1930 Samnites
434 1876 468 1931 ad
481 1876 586 1931 lumina
599 1878 687 1948 prima
699 1876 802 1932 duello.

196 1952 313 2007 Discedo
323 1950 442 2007 Alcaeus
452 1962 556 2024 puncto
565 1952 658 2014 illius;
671 1953 720 2007 ute
730 1970 791 2008 meo
800 1951 884 2024 quisi

138 2037 178 2081 tou
192 2027 266 2098 quis,
283 2027 337 2081 nisi
348 2026 556 2085 Callimachus?
570 2027 600 2083 Si
612 2029 677 2099 plus
688 2030 837 2100 adposcere
848 2028 938 2093 visus,

195 2103 225 2157 srt
238 2103 431 2166 Mimnermus,
444 2113 471 2158 et
481 2105 577 2174 optivo
587 2106 752 2178 cognomine
762 2104 873 2159 crescit.

194 2179 278 2234 Multa
293 2178 359 2241 iero,
375 2188 405 2233 ut
415 2178 522 2250 placem
533 2196 623 2251 genus
635 2179 770 2235 irritabile
782 2190 887 2243 vatum,

194 2270 282 2325 quum
293 2253 386 2309 scribo
396 2265 423 2308 et
433 2255 555 2325 supplex
565 2256 663 2326 populi
674 2255 805 2328 suffragia
816 2264 911 2327 capto3

195 2330 280 2392 idem,
292 2328 378 2383 finitis
389 2328 492 2384 studiis
502 2340 529 2384 et
540 2339 632 2385 mente
643 2340 762 2404 recepta,

138 2415 178 2459 1⁰5
192 2405 319 2460 obturem
331 2404 440 2477 patulas
451 2407 568 2476 impune
579 2405 738 2479 tegentibus
749 2423 840 2461 aures.

194 2480 340 2543 Ridentur,
353 2482 426 2534 maia
437 2482 485 2551 qui
498 2492 668 2552 componunt
681 2484 818 2550 carmina3
833 2499 933 2537 verum

195 2554 319 2627 gaudent
329 2556 494 2619 scribentes,
507 2567 533 2611 et
544 2574 574 2611 se
585 2569 762 2621 venerantur,
775 2566 802 2611 et
813 2557 896 2621 uitro,

198 2632 220 2682 si
235 2638 335 2692 taceas,
349 2629 472 2694 laudant,
485 2630 626 2703 quidquid
637 2636 783 2705 scripsere,
797 2632 882 2688 beati.

196 2705 227 2756 dt
242 2704 290 2773 qui
303 2704 459 2776 legitimum
471 2708 565 2778 cupiet
576 2707 676 2763 fecisse
687 2726 794 2780 poema,

140 2785 180 2829 tto
195 2794 259 2830 cum
271 2778 374 2832 tabulis
386 2781 509 2835 animum
521 2785 644 2838 censoris
655 2794 746 2838 sumet
758 2784 881 2847 bonesti3
