2159 3150
167 369 170 372 ,
233 314 285 368 282
447 318 775 363 EPISTOLARUM

234 421 334 483 virtus,
350 417 468 490 indigno
478 435 532 472 non
546 417 743 472 committenda
757 430 864 490 poetae.

235 495 335 550 Gratus
349 493 506 548 Alexandro
517 495 576 566 rogi
589 496 688 566 Magno
700 493 753 549 init
763 495 812 549 ille

234 569 390 630 Choerilus,
403 570 518 624 incultis
529 571 578 640 qui
591 569 720 624 versibus
732 578 759 624 et
769 571 842 625 mole
853 573 927 626 netis

232 646 327 700 retulit
337 655 475 716 acceptos,
491 645 584 718 regule
595 646 741 712 nomisma,
754 645 912 718 Philippos.

174 731 215 775 235
229 720 284 776 Sed
299 721 387 774 veluti
399 729 511 775 tractate
525 730 616 775 notem
629 720 777 792 labemque
788 724 934 777 remittunt

232 804 392 859 atramenta,
405 795 463 850 iere
472 797 621 868 scriptores
632 798 755 851 carmine
767 795 846 851 loedo

231 870 380 944 splendida
391 870 462 927 lecte
477 872 579 926 linunt.
611 871 686 926 ldem
697 889 746 927 rex
758 873 816 936 ille,
833 889 931 944 poema

231 950 281 1020 qui
294 956 349 1002 tem
360 947 513 1003 ridiculum
525 957 581 1002 tem
595 965 658 1002 esre
669 948 805 1020 prodigus
815 949 891 1011 emit,

231 1024 323 1080 edicto
333 1024 432 1088 vetuit,
445 1039 480 1078 ne
492 1025 559 1094 quis
569 1040 600 1076 se
608 1031 719 1094 praeter
728 1023 855 1094 Apellem

174 1105 214 1153 tto
228 1103 366 1173 pingeret,
379 1109 426 1153 aut
436 1099 509 1153 nlius
519 1099 644 1172 Lysippo
657 1097 772 1154 duceret
782 1116 844 1154 nere
863 1099 867 1104 ’

232 1175 310 1230 fortis
320 1174 472 1230 Alexandri
485 1173 594 1229 vultum
605 1174 780 1229 simulantia.
809 1173 915 1240 Quodsi

232 1251 369 1306 indicium
380 1250 485 1305 subtile
496 1249 629 1304 videndis
640 1249 748 1304 artibus
757 1250 830 1304 illud

231 1325 265 1381 ad
278 1327 364 1381 libros
378 1334 405 1381 et
415 1325 450 1380 ad
462 1325 531 1380 haec
540 1326 683 1380 Musarum
697 1325 769 1380 done
780 1343 904 1391 vocares,

230 1403 360 1457 Boeotum
372 1402 402 1457 in
411 1418 505 1456 cresso
514 1403 622 1455 iurares
632 1403 694 1455 aere
705 1409 812 1455 natum.

174 1485 214 1532 245
227 1477 262 1532 m
274 1495 363 1549 neque
374 1477 542 1532 dedecorent
552 1484 598 1531 tue
610 1475 645 1530 de
655 1493 686 1530 se
697 1476 802 1530 iudicia
814 1486 897 1548 etque

231 1569 355 1613 munero
368 1569 441 1625 quse
452 1553 537 1609 multe
549 1552 642 1608 dentis
653 1569 717 1607 cum
732 1551 814 1607 leude
825 1552 961 1618 tulerunt,

232 1630 327 1684 dilecti
337 1630 390 1684 tibi
404 1629 542 1718 Virgilius
554 1629 712 1699 Variusque
722 1635 833 1699 poetne3

170 1714 177 1724 '
232 1721 283 1759 nec
294 1706 385 1778 magis
396 1706 521 1793 expressi
536 1704 632 1759 vultus
642 1721 693 1775 per
703 1703 843 1758 ahenee'
821 1720 912 1790 signe,

231 1797 315 1851 quem
327 1798 377 1851 per
388 1782 460 1836 vetis
470 1797 542 1851 opus
553 1796 643 1834 mores
655 1780 800 1850 animique
811 1780 935 1833 virorum

173 1866 214 1910 25⁰
229 1857 365 1911 clerorum
378 1865 522 1928 apparent
554 1856 611 1910 Neo
622 1872 764 1909 sermones
773 1871 824 1928 ego
835 1854 948 1909 mallem

230 1941 357 2003 repentes
370 1950 419 2004 per
429 1932 649 2003 humum‚quam
660 1939 987 2002 rescomponeregestas,

230 2015 421 2079 terrarumque
433 2008 504 2062 situs
515 2017 543 2061 et
555 2004 669 2061 flumine
682 2005 775 2060 dicere
785 2014 812 2060 et
822 2022 899 2059 eroes

231 2083 374 2138 montibus
386 2084 530 2155 impositas
541 2091 569 2137 et
579 2081 696 2137 herbera
706 2098 802 2155 regne,
814 2082 928 2153 tuisque

233 2160 367 2230 auspiciis
377 2168 464 2215 totum
476 2157 600 2213 coniecto
611 2156 706 2212 duella
717 2174 767 2228 per
776 2156 882 2221 orbem,

174 2244 214 2288 255
228 2234 405 2306 claustraque
415 2233 558 2289 custodem
573 2234 650 2305 pacis
660 2232 818 2288 cohibentis
831 2233 936 2295 lenum,

232 2319 260 2365 et
270 2309 444 2366 formidatam
456 2310 565 2364 Parthis
574 2319 601 2364 te
612 2309 739 2380 principe
751 2309 874 2367 Romam.

232 2387 267 2449 si,
279 2396 414 2458 quantum
424 2402 565 2457 cuperem,
572 2401 683 2457 possem
693 2400 819 2455 qnoque;
832 2382 882 2438 sed
894 2398 989 2455 neque

676 2476 795 2530 pervum

233 2551 343 2588 carmen
355 2536 485 2591 maiestas
496 2537 596 2607 recipit
604 2545 662 2599 tun,
674 2552 726 2590 nec
737 2552 816 2589 meus
826 2533 911 2589 nudet

234 2625 291 2662 rem
303 2618 408 2665 tentore
419 2610 517 2681 pudor,
533 2628 617 2681 quem
628 2612 703 2665 vires
712 2610 785 2665 ferre
799 2617 939 2665 recusent.

177 2692 217 2736 250
231 2682 372 2738 Sedulitss
384 2694 485 2750 sutem,
498 2686 583 2741 stulte
592 2702 677 2756 quem
687 2685 793 2759 diligit,
808 2694 898 2759 urget,

232 2760 380 2829 praecipue
392 2777 478 2829 quum
489 2779 520 2816 se
534 2762 659 2815 numeris
670 2761 845 2817 commendet
859 2769 887 2815 et
900 2769 976 2817 erte:

235 2832 319 2886 discit
329 2836 403 2887 enim
415 2836 498 2889 eitius
510 2837 694 2909 meminitque
706 2836 840 2893 libentius
850 2836 936 2899 illud.
