2159 3150
222 309 267 362 tol
451 308 715 360 ceurennum

219 413 348 477 tabescat,
362 430 451 485 neque
460 430 490 468 se
501 415 596 468 nraiori
607 415 800 486 pauperiorum

218 488 315 545 turbae
337 497 488 561 comparet,
521 487 596 543 hunc
623 496 704 559 atque
730 488 820 615 huno?
829 504 963 559 superare

697 562 803 618 laboret

218 636 266 692 Sic
277 636 416 692 festinanti
427 653 537 707 semper
548 638 710 709 locupietior
718 637 822 692 obstat:

220 721 265 776 ut,
276 728 363 784 quum
374 712 530 767 carceribus
541 716 641 767 missos
651 713 723 783 rapit
735 712 841 785 ungula
849 728 961 775 currus.

164 799 203 843 115
218 788 301 842 instat
311 787 391 858 equis
402 788 497 859 auriga
507 804 573 841 suos
583 787 772 848 vincentibus,
786 786 867 841 illum

216 863 393 934 praeteritum
405 870 529 916 temnens
542 870 679 917 extremos
689 864 760 916 inter
770 869 891 917 euntem.

218 936 285 991 Inde
296 935 334 1000 fit,
347 943 378 990 ut
387 952 457 999 raro,
469 937 517 1007 qui
529 954 560 991 se
570 936 675 991 vixisse
686 936 796 991 beatum

167 1023 169 1028 ’
217 1010 292 1067 dicat
301 1020 328 1066 et
337 1019 432 1067 exacto
442 1019 586 1066 contentus
595 1020 717 1083 tempore
727 1011 784 1066 vita

218 1085 307 1149 cedat,
319 1086 359 1140 uti
370 1086 487 1141 conviva
497 1097 583 1150 satur,
595 1088 716 1157 reperire
724 1102 869 1159 queamus.
880 1116 920 1127 -

164 1169 203 1214 ¹2⁰
216 1162 273 1215 lana
284 1162 350 1216 satis
361 1169 412 1223 est,
425 1177 459 1215 ne
470 1177 514 1216 me
524 1159 647 1232 Crispini
657 1162 759 1216 scrinia
771 1161 842 1233 lippi

220 1236 383 1306 compilasse
394 1243 489 1307 putes:
508 1234 625 1291 verbum
635 1252 689 1291 non
701 1236 821 1309 amplius
830 1234 943 1291 addam.
988 1296 994 1303 ¹

452 1407 648 1470 SATlRA
689 1411 724 1469 ll.

221 1611 306 1647 ΛΜΝ
314 1621 359 1655 ⁶⁰⁸,
374 1613 407 1654 ‘inl
417 1615 505 1648 extrem
514 1623 603 1657 quoqu
612 1617 711 1649 umentes
719 1614 874 1648 madmeriutsn
881 1620 963 1646 mun

319 1677 375 1718 ιιφιι
382 1677 494 1720 sagittant,
505 1678 526 1712 in
533 1679 633 1713 mambae
643 1677 748 1721 prueipce
756 1675 862 1712 fastidiant.

218 1747 441 1813 Ambubaiarum
452 1758 579 1832 collegia,
591 1756 828 1831 pharmacopolae,
877 1779 882 1792 ,
911 1771 915 1778 ·

218 1831 348 1895 mendici,
360 1833 471 1896 mimae,
483 1833 648 1897 balatrones,
665 1832 717 1888 hoc
725 1849 813 1906 genus
821 1846 904 1886 omne

219 1915 353 1961 moestum
364 1923 395 1962 ac
404 1908 555 1963 sollicitum
565 1918 608 1964 est
617 1910 736 1963 cantoris
746 1914 832 1963 morte
842 1905 961 1979 Tigelll;

164 2065 177 2112 t
219 1981 962 2129 llsllssllliuulilitate{2¹33le

218 2130 307 2204 frigus
316 2147 372 2203 quo
380 2099 535 2204 duramque
544 2131 644 2187 famem
653 2132 806 2204 propellere
815 2132 914 2203 possit.

220 2206 298 2261 Hunc
307 2207 331 2261 si
342 2209 526 2278 perconteris,
541 2209 586 2262 avi
597 2216 738 2279 curatque
748 2206 869 2278 parentis

219 2281 386 2353 praeclaram
402 2284 507 2355 ingrata
518 2282 637 2356 stringat
646 2283 735 2338 malus
750 2280 876 2354 ingluvie
890 2297 960 2343 rena,

219 2357 310 2411 omnia
321 2356 464 2413 conductis
474 2375 602 2414 coemens
612 2358 726 2413 obsonia
736 2355 871 2411 nummis:

165 2439 190 2483 tt
220 2430 349 2486 sordidus
358 2443 440 2505 atque
451 2434 536 2488 animi
546 2431 622 2504 quod
630 2432 710 2505 parvi
720 2431 789 2487 nolit
797 2428 904 2493 haberi,

220 2505 376 2576 respondet.
405 2507 545 2564 Laudatur
554 2507 590 2562 ab
600 2508 654 2571 bis,
664 2508 792 2579 culpatur
801 2505 836 2561 ab
846 2504 916 2560 illis.

219 2579 344 2635 Fufidius
355 2598 461 2654 vappae
474 2581 575 2639 lamam
585 2584 663 2639 timet
673 2599 705 2638 ac
715 2580 872 2645 nebulonis,

221 2650 300 2708 dives
310 2657 394 2728 egris,
406 2656 485 2715 dives
495 2658 593 2730 positis
602 2659 631 2714 in
642 2657 752 2714 foenore
760 2656 894 2712 nummis.

221 2725 325 2793 Quinas
335 2729 381 2784 hio
392 2733 476 2803 capiti
487 2732 628 2789 mercedes
640 2740 759 2813 exsecat,
771 2739 853 2802 atque

166 2810 192 2852 tt
218 2811 319 2872 quanto
332 2804 465 2875 perditior
473 2807 593 2878 quisque
603 2818 660 2868 est.
675 2816 749 2863 tanto
759 2806 850 2862 acrius
863 2815 961 2880 urget3
