2159 3150
221 314 274 371 262
435 315 767 363 ur1suonnnun

401 559 677 621 EPISTOLd
719 560 801 620 xvi.

472 679 516 720 nn
531 679 730 729 Quincunces.

484 804 656 821 —ss

247 921 350 958 werrae
357 920 426 956 vulsa
435 928 502 962 m,
519 918 593 954 delude
603 919 638 962 qul
649 919 674 954 stt
682 920 716 954 vlr
723 926 773 954 vare
782 919 853 962 bonu,
861 919 954 956 Μ

223 1009 270 1077 Ne
283 1019 463 1093 perconteris,
476 1015 580 1072 fundus
591 1034 635 1073 me
647 1033 680 1080 rs,
691 1018 796 1088 optime
805 1017 931 1085 Quincti,

225 1112 291 1152 arvo
302 1103 398 1167 pascat
408 1094 517 1156 herum,
534 1110 570 1147 an
582 1093 677 1148 baccis
686 1093 830 1164 opulentet
841 1094 946 1159 olivae,

225 1172 364 1244 pomisne,
377 1188 411 1225 an
423 1169 520 1242 pratis,
533 1186 568 1224 an
579 1169 679 1224 amicta
691 1168 799 1224 vitibus
809 1169 900 1225 ulmo:

228 1246 366 1303 scribetur
380 1245 431 1302 tibi
443 1243 530 1302 forma
542 1245 696 1316 loquaciter
706 1253 734 1299 et
743 1244 815 1300 situs
824 1247 896 1319 agri.

168 1339 183 1384 s
228 1321 359 1379 Continui
370 1330 487 1386 montes,
506 1321 534 1376 ni
546 1319 735 1376 dissocientur
747 1336 832 1392 opaca

141 3008 174 3111 t

228 1396 312 1462 valle,
327 1396 379 1453 sed
389 1406 420 1452 ut
430 1398 547 1453 veniens
556 1395 688 1452 dextrum
700 1396 772 1451 letus
781 1396 920 1468 adspiciat
929 1396 985 1462 sol,

228 1473 339 1530 laevum
351 1473 500 1528 discedens
511 1487 596 1527 curru
610 1469 736 1545 fugiente
745 1482 869 1545 vaporet.

227 1549 402 1622 Temperiem
414 1548 521 1605 laudes.
552 1546 639 1615 Ouid,
658 1549 682 1603 si
697 1547 855 1604 rubicunde
867 1548 986 1623 benigni

230 1643 313 1682 corna
324 1642 425 1698 vepres
435 1636 463 1682 et
474 1640 562 1698 pruna
575 1622 686 1680 ferunt?
699 1625 724 1679 si
735 1641 856 1697 quercus
867 1634 894 1681 et
903 1624 964 1680 ilex

172 1715 199 1762 to
228 1699 317 1757 multa
329 1698 410 1774 fruge
421 1717 517 1773 pecus,
531 1699 619 1756 multa
628 1700 773 1756 dominum
785 1698 989 1756 iuvatumbra?

229 1778 311 1833 Dicas
322 1776 475 1832 adductum
486 1777 603 1849 propius
615 1774 743 1831 frondere
753 1778 912 1832 Tarentum.

230 1854 304 1910 Fons
318 1854 402 1908 etiam
413 1853 474 1909 rivo
484 1852 551 1907 dare
562 1867 663 1907 nomen
674 1851 802 1916 idoneus,
819 1861 850 1907 ut
861 1870 913 1908 nec

232 1928 361 2003 frigidior
372 1928 507 1984 Thracam
521 1944 574 1982 nec
584 1928 681 1998 purior
691 1927 796 1983 ambiat
805 1928 923 1992 Hebrus,

231 2004 340 2061 infirmo
351 2005 435 2077 capiti
447 2002 507 2059 fluit
518 2003 607 2067 utilis,
619 2002 699 2059 utilis
708 2003 782 2059 alvo.

173 2092 200 2136 15
229 2081 285 2136 llae
297 2080 418 2136 latebrae
428 2079 535 2143 dulces,
548 2079 643 2143 etiam,
654 2079 679 2133 si
689 2078 795 2143 credie,
806 2096 948 2144 amoenae,

230 2156 397 2212 incolumem
409 2156 461 2211 tibi
473 2172 517 2210 me
528 2162 668 2227 praestant
677 2153 891 2225 Septembribus
898 2155 989 2211 boris.

232 2234 273 2289 Tu
283 2240 356 2288 recte
367 2233 450 2293 vivis,
463 2233 487 2285 si
499 2248 580 2286 curas
590 2246 652 2285 esse
662 2229 738 2302 quod
749 2230 841 2285 audis.

232 2310 368 2363 lactamus
382 2308 437 2363 iem
453 2307 562 2379 pridem
572 2308 665 2361 omnis
674 2314 701 2361 te
713 2307 796 2362 Roma
808 2306 935 2375 beatum3

232 2383 282 2439 sed
293 2400 399 2448 vereor,
412 2400 446 2438 ne
456 2383 502 2438 oui
514 2382 550 2438 de
561 2390 588 2438 te
597 2381 663 2454 plus
672 2399 757 2454 quam
767 2381 819 2437 tibi
829 2382 939 2447 credas,

176 2468 203 2513 no
233 2475 304 2513 neve
313 2467 394 2531 putes
405 2459 492 2515 alium
503 2459 629 2531 sapiente
643 2458 771 2530 bonoque
782 2458 910 2527 beatum;

235 2550 300 2598 nau,
314 2534 377 2589 site
387 2534 509 2605 populus
521 2551 621 2589 sanum
632 2542 762 2605 recteque
772 2534 912 2589 volentem

233 2607 351 2673 dictitet,
363 2609 499 2664 occultam
512 2606 618 2664 febrem
629 2609 683 2664 sub
694 2619 805 2682 tempus
814 2609 920 2665 edendi

237 2681 408 2747 dissimules,
416 2684 504 2739 donec
514 2683 645 2740 manibus
657 2693 757 2741 tremor
767 2685 874 2742 incidat
884 2688 992 2742 unctis.

237 2755 390 2813 Stultorum
401 2760 524 2814 incurata
536 2759 627 2833 pudor
637 2760 729 2815 malus
740 2761 833 2817 ulcera
843 2764 927 2820 celat.

179 2838 207 2885 tt
237 2828 268 2886 si
279 2832 344 2903 quis
355 2831 427 2887 bella
440 2833 490 2888 tibi
502 2844 572 2889 terra
585 2846 707 2909 pugnato
719 2839 845 2909 marique
