2159 3150
341 359 344 364 Ι
373 289 506 335 LIBER
547 290 578 336 11.

135 400 297 466 permutare
308 389 380 446 velis
389 390 466 444 orins
477 389 648 463 Lioymniae.

215 466 312 547 plenas
323 474 370 521 aut
379 464 501 520 Arabum
512 463 619 528 domos.

137 558 207 614 dum
218 556 362 631 flagrantia
376 556 523 628 detorquet
533 555 568 612 ad
577 556 673 612 osenia

136 634 289 697 cervicem,
301 641 349 688 aut
359 630 437 688 iaoili
448 625 565 687 saevitia
576 641 668 706 negat,

135 726 212 782 quae
222 717 352 780 poscente
366 707 456 780 magis
465 707 585 780 gaudeat
598 707 680 779 eripi,

217 781 357 838 interdum
367 798 464 854 rapere
475 780 610 854 occupat?

352 1007 377 1068 o
399 1007 471 1068 uu
512 983 599 1066 x1i1.

149 1125 184 1165 IN
201 1124 371 1173 eunom,
390 1123 491 1167 GUlU!
508 1123 593 1166 01!ss
609 1123 801 1167 ansoualdo

243 1192 351 1233 Pusula
365 1190 557 1234 OPPBRSBUS
572 1191 711 1235 tuniano.

96 1397 189 1435 hinnu
198 1397 316 1432 memora
323 1395 378 1442 ann,
389 1396 423 1438 qni
432 1395 487 1431 iliam
497 1396 603 1440 plentnrita
618 1395 665 1432 tatu
674 1397 805 1441 propinqum
814 1397 855 1434 oni·

135 1471 175 1505 que
189 1461 275 1496 morien
287 1459 399 1506 oronnae
411 1461 437 1495 ob
450 1460 519 1496 oeulos
535 1460 575 1494 athi
592 1460 649 1503 pontt
666 1463 687 1496 st
703 1461 745 1496 tuto
761 1463 856 1498 euentu

136 1525 220 1570 sappho
230 1524 371 1569 limumque,
380 1523 524 1559 muttum
534 1523 616 1560 moda.
641 1524 698 1579 letas.
707 1523 760 1562 m·

139 1598 195 1663 Ille
210 1606 238 1663 et
248 1606 353 1662 nefasto
364 1614 390 1661 te
400 1607 494 1678 posuit
507 1604 563 1671 die,

139 1684 314 1756 quicumque
322 1681 455 1754 primum,
470 1689 498 1736 et
507 1680 642 1755 sacrilega
653 1698 737 1738 manu

178 1757 322 1830 produxit,
335 1756 425 1821 orbos,
443 1758 470 1811 in
484 1766 614 1828 nepotum

217 1832 370 1905 perniciem
393 1831 633 1904 opprobriumque
645 1833 722 1905 pagi,
767 1862 770 1868 ·

139 1926 224 1981 illum
236 1934 263 1980 et
274 1925 396 1996 parentis
406 1923 574 1979 crediderim
585 1926 629 1979 sui

141 2000 260 2074 fregisse
271 2001 408 2056 cervicem
423 2008 449 2055 et
460 2000 611 2072 penetralia
635 2035 638 2040 -
691 2038 694 2041 -

179 2076 316 2147 sparsisse
327 2083 461 2131 nocturno
474 2092 571 2134 cruore

217 2151 350 2222 hospitis3
367 2151 416 2206 iile
430 2168 536 2205 venena
548 2150 649 2207 Coiohn

140 2255 167 2299 et
182 2242 324 2315 quidquid
335 2260 453 2315 usquam
467 2243 623 2315 concipitur
633 2240 720 2306 nefas,

140 2319 279 2381 tractavit¹
293 2335 358 2391 agro
369 2319 417 2389 qui
428 2319 523 2374 statuit
535 2335 595 2373 meo
887 2328 913 2371 to
951 2362 954 2367 .

181 2403 206 2448 te
217 2393 295 2447 triste
306 2393 425 2467 iignum,
437 2402 463 2449 te
473 2394 609 2449 caducum

218 2468 248 2523 in
259 2467 366 2523 domini
377 2478 461 2540 caput
474 2469 657 2524 immerentis.

140 2558 217 2627 Quid
230 2560 352 2632 quisque
363 2560 441 2624 vitet,
456 2578 608 2632 numquam
621 2559 727 2614 homini
739 2560 806 2614 satis

142 2644 256 2690 nautum
267 2644 309 2691 est
319 2635 348 2691 in
360 2635 452 2691 horas.
492 2638 590 2691 Navita
602 2636 752 2706 Bosporum

183 2710 290 2764 Poenus
300 2711 493 2782 perhorrescit,
506 2728 597 2782 neque
612 2709 682 2765 ultra

99 2851 105 2859 .
131 2856 133 2858 Ι
223 2801 303 2841 oaeoa
314 2787 392 2841 timet
407 2785 520 2840 aliunde
532 2784 599 2848 [ειυς
