2159 3150
232 265 279 318 lli
508 269 694 316 ODARUM

265 373 364 426 civitas
373 371 474 431 omnis,
487 368 674 441 dabimusque
685 370 761 426 diris

335 445 417 499 thura
428 444 570 517 benignis.

265 539 303 592 Te
313 537 409 590 decem
421 537 492 591 lauri
504 535 675 608 totidemque
686 554 796 602 vaccae,

265 630 309 666 me
321 621 397 666 tener
407 612 496 666 solvet
508 612 625 676 vitulus,
637 613 732 667 relicta

171 701 197 744 55
264 697 361 750 matre,
376 689 425 758 qui
438 686 523 760 largis
534 691 691 743 iuvenescit
702 687 797 742 herbis

338 765 366 815 in
378 779 438 816 mea
449 771 521 824 vola.

266 853 354 909 fronte
364 862 492 908 curvatos
503 855 629 908 imitatus
639 856 719 927 ignes

265 930 378 984 tertium
391 930 484 983 Lunae
494 929 638 983 referentis
648 939 749 992 ortum,

265 1020 320 1075 qua
332 1015 424 1058 notam
435 1003 527 1067 duxit,
541 1007 640 1057 niveus
650 1004 752 1068 videri,

171 1090 197 1134 ⁶⁰
341 1077 548 1134 celerafulvus.

492 1337 517 1398 0
540 1339 565 1396 D
588 1339 611 1396 E
656 1338 707 1396 lll.

351 1460 398 1500 An
422 1459 555 1500 musam
575 1459 846 1502 maerentem«

330 1700 413 1733 Beatum
423 1708 443 1733 ιο
453 1700 555 1742 praedicat
564 1698 664 1733 Musarum
672 1699 758 1733 delibat.
782 1699 839 1735 Matr.

230 1788 323 1865 Quem
335 1806 375 1860 tu,
388 1796 569 1867 Melpomene,
581 1794 667 1851 semel

267 1881 424 1927 nascentem
436 1871 546 1942 placido
558 1870 663 1925 lumine
672 1870 787 1936 viderie,

229 1950 310 2005 illum
322 1964 376 2001 non
391 1947 468 2001 labor
478 1946 611 2000 Isthmius

266 2022 382 2079 clarabit
391 2021 527 2095 pugilem,
545 2039 598 2076 non
610 2038 699 2093 equus
710 2022 830 2095 impiger

173 2114 185 2155 5
229 2117 312 2155 curru
323 2098 406 2152 ducet
416 2097 536 2153 Achaico

268 2175 411 2237 victorem,
424 2189 514 2243 neque
526 2190 569 2227 res
581 2172 681 2227 bellica
694 2173 779 2227 Deliis

229 2259 356 2307 ornatum
368 2248 443 2303 loliis
453 2247 563 2309 (lucem,

266 2324 341 2396 quod
352 2339 448 2397 regum
460 2322 581 2377 tumidas
592 2322 747 2378 contuderit
758 2323 857 2385 minas,

228 2399 355 2457 ostendet
365 2398 513 2470 Capitolio:

176 2488 199 2529 le
267 2474 314 2529 sed
327 2492 398 2546 quae
409 2474 496 2529 Tibur
507 2490 595 2545 aquae
606 2472 697 2528 fertile
705 2470 873 2545 praelluunl,

173 2592 176 2597 .
231 2552 374 2622 elspissae
385 2566 529 2603 nemorum
540 2566 635 2603 pomae

270 2624 376 2696 fingent
386 2624 481 2679 Aeolio
492 2626 615 2679 carmine
626 2622 758 2679 nobilem.

233 2699 344 2759 Romae,
357 2700 493 2769 principis
505 2698 629 2764 urbium,

270 2772 401 2845 dignatur
412 2774 525 2828 suboles
535 2777 607 2828 inter
621 2772 754 2829 amabiles
