2159 3150
223 253 270 304 490
456 260 746 306 ΒΑΤΙΒΑΕΠΜΥ

220 358 326 414 diffissa
339 368 410 421 nate,
423 358 506 427 ficus;
523 370 551 414 at
560 360 626 415 iliae
637 378 747 417 currere
758 363 787 416 in
798 362 909 418 arbem.

216 435 352 506 ⁸Canidiae
363 434 468 495 dentes.
482 436 568 490 altum
580 436 704 510 Saganae
715 439 888 493 caliendrum

219 512 348 566 excidere
360 521 441 582 atque
454 511 554 566 herbas
565 523 646 584 atque
658 515 795 568 incantata
808 515 919 569 lacertis

163 597 189 642 ιο
218 587 339 647 vincula,
353 603 415 640 curn
428 605 527 660 magno
539 588 653 659 risuque
664 591 781 661 iocoque
792 590 914 644 videres.
999 624 1004 634 ·

451 797 646 866 SATIRA
689 800 734 858 IX.

510 947 680 957 —-

214 1058 293 1097 amnt.
307 1057 404 1101 quemodo
414 1056 434 1090 {n
445 1056 479 1089 vie
487 1056 568 1098 publice
577 1056 601 1089 ed
610 1065 631 1090 ee
641 1058 749 1091 accesserit
756 1057 813 1090 homo
822 1057 913 1091 literatus
924 1066 975 1099 gu·-

252 1123 357 1163 tutusque,
376 1122 459 1165 capiens
473 1130 509 1163 pei·
523 1129 568 1154 eam
579 1120 678 1154 introduci
691 1121 716 1154 nd
730 1121 875 1165 Maecenatem,
890 1132 974 1164 queque

252 1188 330 1222 ratione
339 1187 435 1220 liberatae
445 1186 470 1219 ab
479 1184 514 1218 sslo
521 1184 589 1219 fuerit.

216 1260 299 1323 Ibem
311 1267 378 1322 forte
389 1267 439 1322 Via
454 1284 540 1328 sacra,
553 1268 625 1320 sicut
636 1284 714 1320 meus
725 1276 766 1320 est
780 1284 848 1330 mos.

218 1344 312 1399 nescio
322 1342 391 1414 quid
404 1341 540 1396 meditans
552 1359 699 1414 nugarum,
712 1350 784 1396 totus
796 1345 824 1396 in
836 1343 907 1399 iliis:

219 1421 338 1475 accurrit
348 1418 462 1490 quidam
474 1427 555 1472 notus
567 1418 635 1471 mihi
648 1419 886 1483 neminemnam,

217 1504 380 1567 arreptaque
393 1508 489 1548 manu:
501 1493 665 1567 »Quidagis
673 1492 972 1549 dulcissimererum‘?«

217 1571 404 1647 {aSuaviten
430 1580 460 1624 ut
482 1587 557 1624 nunc
576 1580 643 1632 est«
663 1570 792 1642 inquam,
824 1581 864 1626 »et
881 1572 971 1659 cupio

660 1647 761 1699 omnia.
777 1649 930 1718 quaevis«

219 1721 309 1790 Quum
322 1722 521 1776 adsectaretur:
534 1723 619 1775 »Num
631 1721 700 1794 quid
711 1721 787 1775 vista
797 1740 911 1794 occupo.
934 1722 971 1778 At

660 1796 723 1851 ille:

218 1873 313 1929 »Naris
334 1890 413 1935 nos«
435 1873 539 1944 inquit3
562 1873 649 1928 »docti
670 1890 793 1927 sumus«
830 1875 879 1927 Hic
900 1890 967 1947 ego:

659 1949 764 2003 »Pluris

216 2024 305 2080 »hoc«
325 2025 439 2096 inquam
464 2023 554 2078 »mihi
575 2025 660 2078 eris«
700 2026 798 2079 Misere
824 2024 970 2081 discedere

659 2117 807 2171 quaereas,

217 2176 258 2230 ire
269 2175 350 2230 modo
360 2177 447 2233 ocius.
460 2175 599 2229 interdum
610 2178 769 2240 consistere,
783 2178 811 2229 in
822 2193 916 2230 aurem

161 2262 187 2306 1⁰
216 2249 308 2305 dicere
319 2253 413 2306 nescio
424 2251 494 2322 quid
504 2269 605 2321 puero,
621 2268 707 2322 quum
718 2251 803 2307 sudbr
813 2251 847 2307 ad
858 2254 931 2307 imos

216 2327 428 2382 manarettaios.
469 2325 506 2382 »Ο
516 2336 552 2391 te,
564 2326 796 2390 Bolane‚'cerebri

216 2401 376 2457 »felicemic
387 2402 494 2456 aiebam
506 2404 620 2466 tacitus,
633 2420 721 2474 quum
731 2403 931 2474 quidlibetilie

217 2479 342 2550 garriret
355 2478 442 2540 vicos,
456 2478 552 2532 urbem
568 2478 701 2533 laudaret.
729 2480 764 2535 Ut
773 2480 817 2534 1111

219 2552 258 2606 nii
269 2552 480 2623 respondebam,
501 2555 614 2608 »Misere
625 2557 715 2626 cupis,
718 2578 731 2607 a
742 2557 843 2627 inquit,
861 2556 969 2612 aabire:

162 2637 189 2681 ¹5
219 2625 503 2684 »iamdudumrideoz
522 2628 572 2682 sed
584 2629 621 2683 nil
634 2646 709 2702 agis
721 2647 810 2702 usque
821 2632 935 2696 tenebo

217 2716 384 2772 »prosequar
400 2693 464 2758 hinc
479 2719 534 2773 quo
549 2721 624 2758 nunc
639 2706 691 2759 iter
704 2714 746 2760 est
761 2707 840 2760 tibia
867 2705 894 2781 d
908 2708 971 2763 »Nil

661 2791 821 2852 opusestte
