2159 3150
387 306 523 351 bruun
564 307 609 355 ΠΙ.

158 409 245 470 sicco,
257 405 325 460 dum
336 413 414 480 graio
425 406 509 461 Danai
522 406 630 478 puellus

236 481 359 536 carmine
369 481 485 536 mulces.
549 501 550 506 ¹

157 591 263 647 Audiat
272 588 351 661 Lydo
362 589 456 644 soolus
465 599 548 661 utque
560 601 637 646 nouis

156 665 700 810 iiiiiiizisriiiiiiifflp¹¹⁸⁰

233 813 430 885 seraqueiats,
592 782 598 802 ³

154 941 230 996 quae
241 931 354 977 monent
366 922 557 994 culpantium
569 924 623 978 sub
632 924 712 980 Orco.

157 1000 273 1070 impiae,
286 997 361 1070 (nam
371 997 440 1070 quid
451 1007 565 1070 powers
577 999 694 1073 minoi)

157 1075 262 1146 impiae
273 1088 391 1144 sponsos
400 1080 515 1145 potuero
528 1073 599 1129 duro

225 1149 352 1220 perduro
364 1147 447 1203 ferro.

156 1258 217 1314 Una
228 1257 262 1312 de
272 1257 370 1312 multis
385 1256 443 1312 iace
455 1257 574 1328 nuptiali

154 1332 243 1406 digna
256 1333 401 1403 periurum
413 1331 466 1386 fuit
476 1333 505 1386 in
517 1341 660 1404 parentem
733 1330 736 1336 ’

155 1407 307 1480 splendide
318 1405 475 1462 mundaret
485 1409 514 1461 in
526 1423 609 1462 omno
619 1409 698 1480 virgo

232 1483 337 1538 nobilis
347 1499 461 1536 aevum:

153 1609 250 1667 surgo,
263 1608 335 1664 quae
346 1590 418 1646 dixit
428 1592 524 1646 iuveni
536 1592 644 1655 marito,

153 1684 251 1741 surge,
265 1684 299 1723 uo
310 1666 410 1739 longus
422 1666 473 1722 tibi
484 1682 609 1732 somnus,
624 1667 697 1722 unde

156 1760 212 1799 non
222 1744 314 1806 times,
330 1741 424 1808 dotum
441 1758 567 1797 socerum
582 1750 609 1797 et
619 1743 750 1797 scelestas

234 1816 300 1872 faiis
310 1832 427 1879 sorores,

152 1944 239 1999 quae,
253 1926 331 1981 velut
342 1933 438 1980 nactus
449 1924 553 1980 vitulos
566 1924 686 1988 leaenae,

154 2001 294 2075 singulos,
307 2000 394 2055 eheui
409 2000 539 2055 iuuerunt.
580 2000 647 2073 Ego¹
662 2000 719 2055 iliis

156 2077 277 2139 mollior,
289 2092 340 2130 noo
350 2084 376 2130 to
391 2074 488 2130 feriam
500 2090 591 2147 nequo
601 2078 671 2131 iutra

230 2152 350 2205 claustro
360 2150 470 2206 tenebo.

154 2261 199 2315 Mo
209 2268 289 2331 pater
296 2260 390 2315 sauvis
400 2267 495 2315 oneret
504 2260 620 2323 catenis,

153 2334 232 2405 quod
243 2336 304 2390 viro
314 2335 436 2390 clemens
446 2336 547 2389 misero
558 2336 683 2406 peperci;

155 2427 200 2464 mo
213 2410 257 2465 vol
269 2418 406 2465 extremos
416 2409 600 2464 Numidarum
612 2410 640 2463 in
653 2426 733 2483 agros

232 2485 321 2539 oissso
331 2485 444 2558 releget.

156 2586 176 2646 1,
189 2584 277 2656 podes
285 2602 342 2656 quo
352 2595 379 2640 to
389 2586 501 2657 rapiunt
513 2593 644 2649 staurari,

153 2658 223 2714 dum
237 2659 311 2715 favet
321 2677 376 2715 nox
386 2669 414 2715 ot
426 2660 534 2714 Venus:
548 2661 556 2713 i
569 2659 692 2715 secundo

151 2737 258 2799 omine,
271 2744 298 2789 et
307 2737 394 2790 nostri
405 2751 556 2789 memorem
568 2734 696 2805 sepulcro

229 2810 324 2879 scalpo
335 2811 488 2881 quereiam.
