2159 3150
238 304 284 355 tlt)
475 305 744 353 stututtnuu

234 410 342 467 Stultus
358 416 384 463 et
399 406 543 479 improbus
559 407 605 462 hic
616 424 691 461 amor
705 418 746 461 est
764 407 923 480 dignusque
937 426 986 464 uo·

676 486 737 537 tari.

179 574 203 619 ts
233 561 325 629 Quum
336 567 381 615 tuo
392 557 540 631 pervideas
550 558 640 613 oculis
650 559 721 612 mols
733 558 827 630 lippus
837 559 972 623 inunctis,

232 655 281 693 our
291 637 320 691 in
332 636 483 690 amicorum
494 634 572 689 vitiis
582 644 636 688 tam
648 634 739 689 cernis
749 641 872 699 scutum,

231 730 314 786 quam
327 720 374 766 sut
387 711 480 783 aquilo
492 721 539 765 sut
549 726 664 783 serpens
678 708 866 783 Epidaurius?
886 711 921 767 tt
931 712 984 767 tibi

673 795 766 841 contro

232 864 334 925 evenit,
351 862 494 934 inquirent
504 861 572 916 vitio
583 870 614 915 ut
622 870 669 916 tuo
680 878 776 916 rursus
787 870 815 917 et
824 861 879 917 illi.

233 938 392 995 iracundior
402 947 444 994 est
454 937 559 1010 paullo,
575 938 668 992 minus
677 947 759 1010 aptus
770 938 859 992 scutis

175 1028 201 1071 st
232 1014 346 1071 naribus
361 1014 459 1069 borum
474 1013 633 1080 hominum3
647 1013 733 1069 rideri
743 1014 831 1086 possit
841 1030 882 1075 eo,
894 1014 971 1087 quod

230 1090 363 1147 rusticius
374 1100 452 1145 tonso
463 1099 526 1163 toga
539 1087 637 1144 defluit
647 1098 675 1145 et
684 1089 757 1145 mole
768 1090 847 1145 laxus

231 1170 260 1223 in
271 1166 342 1240 pede
351 1166 461 1221 calceus
473 1165 577 1220 hoeret.
589 1166 623 1219 tr
632 1174 674 1220 est
684 1166 785 1227 bonus.
797 1165 983 1221 utmeliorvir

231 1261 284 1299 uon
295 1242 367 1297 alius
376 1244 542 1314 quisqusm;
556 1251 583 1296 at
594 1241 644 1295 tibi
655 1242 776 1300 amicum
798 1251 824 1295 st
836 1242 982 1315 ingenium

674 1336 702 1371 ro
723 1335 773 1371 ons

231 1394 336 1450 inculto
348 1394 412 1449 lstet
422 1393 475 1448 hoo
484 1392 538 1447 sub
548 1409 671 1463 corpore.
704 1335 826 1465 lienique
840 1403 866 1447 te
878 1395 971 1465 ipsum

174 1481 200 1525 st
230 1479 359 1533 concute,
376 1486 442 1524 num
453 1486 508 1541 quo
522 1468 576 1523 tibi
589 1469 720 1523 vitiorum
731 1470 865 1523 inseverit
874 1469 942 1525 olim

229 1556 324 1602 natura
335 1546 474 1602 autetiam
486 1543 658 1602 consuetudo
668 1544 753 1613 malm
767 1561 887 1618 namque

230 1623 364 1696 neglectis
374 1621 478 1676 urende
490 1621 550 1676 dlix
562 1623 716 1677 innascitur
726 1623 811 1695 agris.

227 1700 296 1754 llluc
308 1707 524 1770 praevertemur.
537 1705 685 1752 amatorem
695 1697 770 1769 quod
782 1698 886 1752 smicse

228 1776 318 1846 turpis
330 1774 474 1846 decipiunt
484 1790 598 1828 caecum
610 1774 898 1845 vitis‚outetian1ipss
912 1774 982 1830 boec

172 1859 198 1905 to
228 1851 378 1913 delectant,
392 1850 477 1905 veluti
490 1849 637 1904 Balbinum
650 1850 769 1923 polypus
780 1851 901 1922 Hagnae,

227 1927 332 1982 Vellem
346 1927 372 1980 in
384 1925 505 1980 amicitis
517 1926 560 1980 sic
572 1942 727 1980 erraremus
738 1935 765 1980 et
776 1925 821 1980 isti

229 2004 312 2058 errori
324 2019 421 2057 nomen
433 2004 522 2057 virtus
535 2003 675 2074 posuisset
686 2001 843 2058 honesturn.

226 2079 260 2134 tt
271 2087 347 2150 pater
357 2087 388 2132 ut
400 2079 486 2152 gnati,
500 2078 542 2132 sic
553 2095 601 2132 nos
612 2078 757 2142 debemus.
772 2079 854 2134 amici

228 2158 251 2210 si
263 2154 337 2226 quod
349 2156 394 2217 sit,
407 2155 507 2208 vitium
520 2171 574 2209 uon
587 2153 722 2208 fastidire.
754 2153 918 2218 Strabonem

172 2239 196 2284 ts
228 2231 349 2302 appellat
359 2239 469 2300 paetum
480 2239 572 2302 pater,
584 2238 610 2285 et
621 2231 740 2301 pullum,
753 2231 825 2286 mole
835 2247 941 2302 pervus

226 2307 249 2360 si
262 2307 306 2360 cui
320 2306 394 2361 lilius
405 2315 458 2372 est;
473 2314 503 2360 ut
513 2305 657 2360 abortivus
668 2305 719 2361 luit
728 2306 794 2362 olim

229 2381 381 2455 Sisyphus;
400 2381 475 2436 hunc
485 2398 582 2437 varum
593 2380 717 2436 distortis
731 2381 875 2445 cruribus.
894 2381 978 2438 illum

229 2457 347 2512 balbutit
356 2475 485 2512 scaurum
498 2458 592 2531 pravis
604 2457 704 2512 lultum
716 2459 787 2512 mole
797 2459 869 2513 tolis.

227 2534 337 2587 Parcius
349 2531 395 2586 hic
405 2534 490 2588 vivit:
504 2532 578 2606 lrugi
590 2533 708 2588 dicotur.
740 2535 851 2605 lneptus

171 2620 196 2662 tt
226 2616 252 2662 et
264 2608 406 2663 iactantior
418 2608 463 2662 hic
474 2609 569 2680 paullo
582 2620 637 2665 est:
654 2609 806 2664 concinnus
820 2609 919 2664 amicis

227 2682 346 2754 postulat
358 2693 387 2738 ut
398 2683 535 2738 videatur.
564 2685 598 2739 tlt
609 2695 650 2740 est
661 2685 842 2740 truculentior
852 2692 936 2756 etque

226 2758 289 2828 plus
304 2773 392 2829 aequo
404 2757 487 2813 liber:
501 2761 623 2832 simplex
635 2759 768 2832 sortisque
781 2760 926 2817 bobestor.

226 2831 336 2887 Caldior
346 2842 401 2887 est:
415 2850 490 2888 acres
503 2835 575 2889 inter
587 2846 757 2891 numeretur.
786 2836 901 2908 Opinor.
