2159 3150
260 285 311 341 252
469 289 797 336 Enlsuonanuu

438 504 712 565 EPISTOLA
755 505 836 564 Vlll.

360 622 410 664 AD
432 622 589 664 OELSUM
610 622 916 663 Auutnovnrtunt.

260 837 325 882 ceno,
335 837 370 879 qul
379 845 444 872 eone·
453 836 505 871 teret
515 846 560 870 eum
564 837 649 879 Nerone,
660 837 736 878 scribit,
742 837 839 878 quomodo
849 837 894 880 ipre
904 846 926 870 ae
935 836 1024 877 haben,

295 901 373 936 reilleet
385 910 426 936 nen
444 901 547 935 admodum
560 902 611 936 bene
624 903 659 935 rut
676 901 818 943 sequentinm
837 901 910 935 deinde
929 901 1024 943 quaerit,

295 967 343 1009 qnid
352 966 396 1010 ipae
405 969 457 1008 egat,
467 967 487 1000 et
495 965 604 999 medeattee
613 966 634 999 tn
644 974 716 1005 magus
725 965 806 998 fortune
815 975 860 999 eum
869 965 971 998 edmonet.

259 1037 344 1102 Celso
355 1047 476 1120 gaudere
490 1055 517 1101 et
528 1047 599 1101 bene
609 1063 773 1119 remgerere
782 1045 960 1101 Albinovano

260 1124 337 1180 Musa
353 1132 445 1196 rogata
456 1121 537 1185 refer,
553 1123 648 1178 comiti
660 1121 824 1192 scribaeque
835 1122 966 1177 Neronis.

260 1197 291 1254 Si
303 1207 425 1270 quaeret,
437 1198 508 1269 quid
518 1215 608 1271 egam,
622 1198 678 1262 dic,
696 1197 782 1252 multe
793 1206 820 1250 et
830 1196 948 1268 pulchra
960 1197 1023 1250 mi·

703 1282 813 1327 nantem

261 1350 355 1404 vivere
367 1367 417 1402 nec
427 1356 499 1403 recte
510 1366 562 1403 nec
571 1349 708 1403 suaviter:
726 1347 801 1402 haud
813 1349 880 1418 quia
890 1346 1003 1419 grando

259 1424 407 1480 contulerit
416 1424 488 1478 vites
499 1424 625 1479 oleamve
635 1424 814 1478 momorderit
825 1431 927 1486 aestus,

258 1517 309 1555 nec
322 1501 389 1570 quia
404 1501 566 1573 longinquis
577 1508 732 1554 armentum
742 1507 864 1571 aegrotet
874 1499 904 1552 in
919 1498 1018 1570 agris;

259 1575 308 1631 sed
323 1577 389 1647 quia
401 1586 491 1631 mente
502 1578 595 1630 minus
609 1574 721 1630 validus
737 1592 822 1647 quam
833 1591 947 1645 corpore
957 1581 1020 1628 toto

260 1654 299 1711 nil
312 1652 408 1708 audire
418 1653 514 1717 velim,
527 1652 568 1707 nil
580 1651 697 1715 discere,
710 1650 786 1722 quod
797 1649 870 1705 levet
880 1666 1017 1723 aegrum3

258 1729 323 1784 fidis
333 1727 456 1784 offender
467 1728 595 1792 medicis,
607 1728 711 1782 irascar
722 1728 830 1789 amicis,

203 1815 228 1859 te
256 1822 306 1860 cur
317 1822 361 1859 me
375 1803 484 1859 funeste
495 1812 643 1875 properent
654 1819 746 1857 arcere
757 1811 883 1861 veterno:

257 1898 330 1954 quae
343 1896 461 1935 nocuere
476 1896 592 1951 sequar.
613 1877 719 1951 fugiam
737 1894 809 1949 quea
824 1874 932 1947 profore
952 1892 1020 1930 ere-

702 1952 781 2007 dam:

257 2032 360 2087 Romae
371 2031 459 2086 Tibur
469 2046 559 2084 amem
570 2038 712 2092 ventosus,
726 2029 828 2083 Tibure
838 2028 966 2081 Romam.

257 2107 321 2162 Post
331 2106 408 2170 baec,
421 2114 451 2161 ut
461 2104 561 2168 valeat,
572 2120 629 2175 que
638 2112 719 2175 pacto
732 2121 791 2158 rem
801 2110 879 2176 gerat
889 2111 917 2157 et
927 2119 970 2167 se,

259 2190 290 2236 ut
300 2182 407 2253 placeat
417 2181 523 2245 iuveni,
536 2188 706 2252 percontare,
722 2188 808 2251 utque
818 2177 936 2233 cohorti.

204 2267 230 2311 15
259 2256 290 2312 Si
301 2257 389 2312 dicet:
406 2257 530 2319 »Recte«
539 2255 662 2327 primum
675 2254 806 2328 gaudere,
819 2252 943 2309 subinde

258 2340 438 2404 praeceptum
450 2329 585 2385 auriculis
596 2328 648 2384 hoe
658 2330 795 2386 instillare
806 2338 961 2384 memento:

259 2407 309 2464 »Ut
318 2417 349 2462 tu
360 2407 508 2470 fortunam.
520 2406 563 2459 sic
575 2421 626 2459 nos
637 2413 673 2469 te.
686 2404 775 2469 celse,
789 2403 938 2459 feremus«
