2159 3150
142 379 145 386 ,
242 319 292 368 aee
510 321 704 367 nesure

241 419 382 492 adspirare
394 429 421 476 et
431 419 528 476 adesse
538 421 631 476 choris
642 428 699 476 eret
708 422 797 484 utilis,
814 431 898 494 atque

184 509 225 554 2⁰5
240 496 363 552 nondum
376 497 466 568 spissa
478 496 564 550 nimis
575 496 713 568 complere
722 496 823 552 sedilia
834 495 914 553 llatu:

242 588 298 644 quo
309 588 375 627 sane
384 569 505 643 populus
519 570 712 636 numerabilis,
728 580 823 644 utpote
834 590 949 644 pervus,

242 654 268 701 et
279 645 354 720 frugi
363 654 512 733 castusque
525 645 756 717 verecundusque
767 646 869 705 coibat.

242 723 388 792 Postquam
401 721 491 793 coepit
501 737 583 794 agros
593 721 742 776 extendere
749 723 845 788 vietor
853 733 880 780 et
894 723 998 780 urbem

241 795 459 867 latioramplecti
470 813 577 859 murus.
593 796 873 868 vinoquadiurno

185 883 226 928 222
241 872 346 959 placeri
355 871 462 927 Genius
472 870 570 926 iestis
562 887 678 944 impune
692 872 806 941 diebus;

243 947 359 1002 accessit
369 947 550 1017 numerisque
560 945 708 1019 modisque
719 949 831 1004 licentia
842 950 942 1004 meior.

241 1021 370 1078 lndoctus
379 1021 449 1093 quid
459 1021 534 1076 enim
547 1030 658 1093 superet
667 1022 795 1094 liberque
806 1023 934 1079 laborum

242 1097 363 1152 rusticus
374 1096 479 1152 urbano
488 1095 632 1159 occlusus,
646 1098 737 1169 turpis
748 1095 881 1154 honesto?

244 1172 291 1228 Sic
301 1171 409 1244 priscae
420 1179 583 1243 motumque
593 1180 620 1227 et
630 1171 770 1227 luxuriem
780 1171 891 1228 eddidit
903 1173 957 1227 arti

186 1257 227 1302 215
242 1247 347 1302 tibicen
358 1247 496 1316 traxitque
510 1262 600 1318 vagus
610 1263 661 1318 per
671 1248 780 1318 pulpita
793 1255 911 1303 vestem.

245 1321 292 1377 Sic
302 1321 383 1376 etiam
396 1319 499 1375 fidibus
510 1337 594 1377 voces
604 1337 716 1377 crevere
726 1324 843 1387 severis,

246 1404 273 1452 et
284 1395 347 1450 tulit
357 1396 500 1466 eloquium
511 1395 654 1450 insolitum
667 1394 797 1453 facundie
807 1413 952 1469 praeceps,

245 1471 416 1541 utiliumque
424 1486 512 1543 segax
521 1487 615 1525 rerum
625 1478 653 1525 et
661 1470 758 1527 divina
768 1471 854 1527 futuri

243 1544 383 1618 sortilegis
393 1561 448 1602 non
459 1544 614 1617 discrepuit
622 1546 759 1602 sententis
770 1546 895 1619 Delphis.

187 1633 228 1678 222
284 1620 411 1677 Carmine
425 1622 475 1692 qui
486 1622 591 1693 tragico
602 1621 688 1677 vilem
699 1623 815 1677 certavit
823 1622 860 1677 ob
874 1621 1000 1684 hircum.

245 1712 311 1751 mox
320 1696 402 1750 etiem
414 1706 537 1769 agrestes
547 1695 660 1769 Satyros
670 1695 798 1762 nudevit,
810 1704 837 1752 et
847 1714 930 1769 asper

244 1770 379 1827 incolumi
389 1772 525 1845 gravitate
539 1771 631 1826 iocum
643 1773 760 1828 tentavit
772 1789 813 1836 eo.
826 1771 902 1844 quod

246 1846 387 1901 illecebris
398 1855 456 1901 erat
466 1855 493 1901 et
502 1855 579 1919 grute
593 1848 715 1902 novitate
724 1846 875 1903 morandus

245 1930 382 1993 spectator
392 1921 562 1992 iunctusque
571 1922 658 1977 sacris
669 1931 696 1977 et
706 1931 787 1994 potus
797 1931 825 1978 st
834 1924 917 1977 exlex

191 2007 230 2052 225
248 1997 351 2052 Verum
364 1998 403 2052 ita
413 1997 524 2061 risores,
539 1996 579 2052 ita
589 1997 783 2053 commendere
792 1998 904 2053 dioeces

247 2072 394 2128 conveniet
406 2071 529 2145 Satyros,
545 2072 582 2126 ite
594 2080 701 2127 vertere
710 2072 783 2128 serie
796 2072 871 2136 ludo,

249 2146 997 2219 ns,quicumquedeus,quicumqueedhibebiturheroe

248 2222 335 2295 regeli
346 2230 511 2294 conspectus
521 2222 552 2276 in
563 2239 630 2277 euro
640 2239 730 2295 nuper
742 2231 769 2277 et
781 2232 865 2286 ostro,

248 2300 349 2371 migret
358 2298 387 2351 in
397 2297 530 2352 obscuras
542 2296 643 2352 humili
654 2314 782 2354 sermone
791 2297 932 2362 tabernas,

87 2414 90 2421 ,
111 2390 117 2403 ·
165 2372 169 2382 '
191 2382 232 2427 tto
247 2382 303 2437 aut,
315 2372 383 2427 dum
395 2373 464 2427 vitat
475 2372 601 2436 humum,
614 2372 705 2428 nubes
714 2381 742 2428 et
751 2373 846 2429 inanis
859 2380 964 2445 captet.

248 2446 364 2503 Ell'utire
376 2447 452 2503 laves
463 2446 579 2520 indigna
590 2447 733 2521 tragoedia
745 2464 855 2514 versus,

250 2530 282 2575 ut
293 2521 371 2576 lestis
383 2530 506 2577 matrona
519 2523 625 2577 moveri
637 2523 714 2579 iussa
724 2522 836 2588 diebus,

251 2596 377 2651 intererit
387 2595 493 2669 Satyris
506 2595 634 2668 paullum
647 2597 814 2670 pudibunda
825 2597 976 2669 protervis.

250 2670 310 2724 Non
321 2686 372 2742 ego
382 2672 507 2725 inorneta
517 2680 545 2727 et
557 2670 727 2730 dominantia
738 2673 850 2728 nomine
860 2672 954 2727 solum

195 2750 236 2794 'tas
251 2743 402 2814 uerbaque,
415 2745 538 2809 Pisones,
550 2745 710 2821 Satyrorum
720 2748 839 2819 scriptor
849 2746 951 2803 amabo

252 2834 303 2872 nec
313 2818 354 2871 sic
365 2818 453 2874 enitar
464 2820 568 2892 tragico
578 2820 689 2877 dillerra
699 2822 795 2887 colori,
