<?xml version="1.0" encoding="UTF-8"?>
<!DOCTYPE html PUBLIC "-//W3C//DTD XHTML 1.0 Transitional//EN"
    "http://www.w3.org/TR/xhtml1/DTD/xhtml1-transitional.dtd">
<html xmlns="http://www.w3.org/1999/xhtml" xml:lang="en" lang="en">
 <head>
  <title>
</title>
<meta http-equiv="Content-Type" content="text/html;charset=utf-8" />
  <meta name='ocr-system' content='tesseract 3.04.00' />
  <meta name='ocr-capabilities' content='ocr_page ocr_carea ocr_par ocr_line ocrx_word'/>
</head>
<body>
  <div class='ocr_page' id='page_1' title='image "./qhoratiiflaccio05horagoog_0281.png"; bbox 0 0 2159 3150; ppageno 0'>
   <div class='ocr_carea' id='block_1_1' title="bbox 293 276 878 330">
    <p class='ocr_par' dir='ltr' id='par_1_1' title="bbox 293 276 878 330">
     <span class='ocr_line' id='line_1_1' title="bbox 293 276 878 330; baseline 0.009 -5"><span class='ocrx_word' id='word_1_1' title='bbox 293 281 372 326; x_wconf 79' lang='lat' dir='ltr'><strong>nis.</strong></span> <span class='ocrx_word' id='word_1_2' title='bbox 396 280 415 326; x_wconf 89' lang='lat'><strong>1.</strong></span> <span class='ocrx_word' id='word_1_3' title='bbox 440 280 581 325; x_wconf 75' lang='lat' dir='ltr'><strong>nuiss.</strong></span> <span class='ocrx_word' id='word_1_4' title='bbox 606 279 714 326; x_wconf 72' lang='lat' dir='ltr'><strong>xviri.</strong></span> <span class='ocrx_word' id='word_1_5' title='bbox 826 276 878 330; x_wconf 74' lang='lat'><strong>269</strong></span> 
     </span>
    </p>
   </div>
   <div class='ocr_carea' id='block_1_2' title="bbox 122 380 934 1278">
    <p class='ocr_par' dir='ltr' id='par_1_2' title="bbox 123 380 800 453">
     <span class='ocr_line' id='line_1_2' title="bbox 123 380 800 453; baseline -0.001 -16"><span class='ocrx_word' id='word_1_6' title='bbox 123 381 172 438; x_wconf 85' lang='lat' dir='ltr'><strong>val</strong></span> <span class='ocrx_word' id='word_1_7' title='bbox 182 398 267 437; x_wconf 86' lang='lat' dir='ltr'><strong>cursu</strong></span> <span class='ocrx_word' id='word_1_8' title='bbox 278 397 408 453; x_wconf 75' lang='lat' dir='ltr'><strong>superare</strong></span> <span class='ocrx_word' id='word_1_9' title='bbox 418 396 513 435; x_wconf 82' lang='lat' dir='ltr'><strong>canam</strong></span> <span class='ocrx_word' id='word_1_10' title='bbox 525 380 570 435; x_wconf 85' lang='lat' dir='ltr'><strong>val</strong></span> <span class='ocrx_word' id='word_1_11' title='bbox 581 380 690 434; x_wconf 88' lang='lat' dir='ltr'><strong>viribus</strong></span> <span class='ocrx_word' id='word_1_12' title='bbox 700 397 800 450; x_wconf 84' lang='lat' dir='ltr'><strong>aprum</strong></span> 
     </span>
    </p>

    <p class='ocr_par' dir='ltr' id='par_1_3' title="bbox 123 453 785 530">
     <span class='ocr_line' id='line_1_3' title="bbox 123 453 785 530; baseline -0.002 -18"><span class='ocrx_word' id='word_1_13' title='bbox 123 456 229 530; x_wconf 84' lang='lat' dir='ltr'><strong>possis.</strong></span> <span class='ocrx_word' id='word_1_14' title='bbox 265 454 342 510; x_wconf 76' lang='lat' dir='ltr'><strong>Adde</strong></span> <span class='ocrx_word' id='word_1_15' title='bbox 353 453 446 510; x_wconf 83' lang='lat' dir='ltr'><strong>virilia</strong></span> <span class='ocrx_word' id='word_1_16' title='bbox 456 455 531 526; x_wconf 87' lang='lat' dir='ltr'><strong>quod</strong></span> <span class='ocrx_word' id='word_1_17' title='bbox 542 456 697 526; x_wconf 68' lang='lat' dir='ltr'><strong>speciosius</strong></span> <span class='ocrx_word' id='word_1_18' title='bbox 710 472 785 511; x_wconf 90' lang='lat' dir='ltr'><strong>arma</strong></span> 
     </span>
    </p>

    <p class='ocr_par' dir='ltr' id='par_1_4' title="bbox 123 528 934 830">
     <span class='ocr_line' id='line_1_4' title="bbox 123 528 835 602; baseline 0.003 -16"><span class='ocrx_word' id='word_1_19' title='bbox 123 549 181 588; x_wconf 92' lang='lat' dir='ltr'><strong>nou</strong></span> <span class='ocrx_word' id='word_1_20' title='bbox 191 539 233 586; x_wconf 89' lang='lat' dir='ltr'><strong>ast</strong></span> <span class='ocrx_word' id='word_1_21' title='bbox 243 532 292 602; x_wconf 88' lang='lat' dir='ltr'><strong>qui</strong></span> <span class='ocrx_word' id='word_1_22' title='bbox 302 538 408 586; x_wconf 85' lang='lat' dir='ltr'><strong>tractat.</strong></span> <span class='ocrx_word' id='word_1_23' title='bbox 437 529 508 594; x_wconf 85' lang='lat' dir='ltr'><strong>Scis,</strong></span> <span class='ocrx_word' id='word_1_24' title='bbox 523 528 835 601; x_wconf 81' lang='lat' dir='ltr'><strong>quonlamoraooronno</strong></span> 
     </span>
     <span class='ocr_line' id='line_1_5' title="bbox 123 604 827 679; baseline 0 -19"><span class='ocrx_word' id='word_1_25' title='bbox 123 605 231 679; x_wconf 76' lang='lat' dir='ltr'><strong>proelia</strong></span> <span class='ocrx_word' id='word_1_26' title='bbox 242 607 379 660; x_wconf 83' lang='lat' dir='ltr'><strong>sustineas</strong></span> <span class='ocrx_word' id='word_1_27' title='bbox 389 605 567 676; x_wconf 83' lang='lat' dir='ltr'><strong>campestrin3</strong></span> <span class='ocrx_word' id='word_1_28' title='bbox 584 604 706 676; x_wconf 84' lang='lat' dir='ltr'><strong>deniquo</strong></span> <span class='ocrx_word' id='word_1_29' title='bbox 715 622 827 660; x_wconf 76' lang='lat' dir='ltr'><strong>saevam</strong></span> 
     </span>
     <span class='ocr_line' id='line_1_6' title="bbox 123 678 934 752; baseline -0.002 -16"><span class='ocrx_word' id='word_1_30' title='bbox 123 680 256 736; x_wconf 88' lang='lat' dir='ltr'><strong>militiam</strong></span> <span class='ocrx_word' id='word_1_31' title='bbox 267 696 337 752; x_wconf 89' lang='lat' dir='ltr'><strong>puor</strong></span> <span class='ocrx_word' id='word_1_32' title='bbox 347 688 374 734; x_wconf 87' lang='lat' dir='ltr'><strong>at</strong></span> <span class='ocrx_word' id='word_1_33' title='bbox 387 679 549 735; x_wconf 81' lang='lat' dir='ltr'><strong>Cantabrica</strong></span> <span class='ocrx_word' id='word_1_34' title='bbox 564 679 636 734; x_wconf 88' lang='lat' dir='ltr'><strong>balla</strong></span> <span class='ocrx_word' id='word_1_35' title='bbox 647 678 737 734; x_wconf 86' lang='lat' dir='ltr'><strong>tulisti</strong></span> <span class='ocrx_word' id='word_1_36' title='bbox 907 694 934 739; x_wconf 77' lang='lat' dir='ltr'><strong>ss</strong></span> 
     </span>
     <span class='ocr_line' id='line_1_7' title="bbox 123 753 826 830; baseline 0.001 -19"><span class='ocrx_word' id='word_1_37' title='bbox 123 755 271 820; x_wconf 77' lang='lat' dir='ltr'><strong>subduco,</strong></span> <span class='ocrx_word' id='word_1_38' title='bbox 283 756 333 828; x_wconf 88' lang='lat' dir='ltr'><strong>qui</strong></span> <span class='ocrx_word' id='word_1_39' title='bbox 343 753 455 826; x_wconf 85' lang='lat' dir='ltr'><strong>templis</strong></span> <span class='ocrx_word' id='word_1_40' title='bbox 465 754 629 810; x_wconf 79' lang='lat' dir='ltr'><strong>Parthorum</strong></span> <span class='ocrx_word' id='word_1_41' title='bbox 640 757 720 828; x_wconf 79' lang='lat' dir='ltr'><strong>rigna</strong></span> <span class='ocrx_word' id='word_1_42' title='bbox 733 755 826 830; x_wconf 82' lang='lat' dir='ltr'><strong>religit</strong></span> 
     </span>
    </p>

    <p class='ocr_par' dir='ltr' id='par_1_5' title="bbox 123 828 830 903">
     <span class='ocr_line' id='line_1_8' title="bbox 123 828 830 903; baseline 0.003 -17"><span class='ocrx_word' id='word_1_43' title='bbox 123 847 210 896; x_wconf 87' lang='lat' dir='ltr'><strong>nuno,</strong></span> <span class='ocrx_word' id='word_1_44' title='bbox 223 839 259 896; x_wconf 82' lang='lat' dir='ltr'><strong>at,</strong></span> <span class='ocrx_word' id='word_1_45' title='bbox 272 829 376 903; x_wconf 89' lang='lat' dir='ltr'><strong>siquid</strong></span> <span class='ocrx_word' id='word_1_46' title='bbox 389 830 476 894; x_wconf 77' lang='lat' dir='ltr'><strong>abest,</strong></span> <span class='ocrx_word' id='word_1_47' title='bbox 495 829 572 884; x_wconf 85' lang='lat' dir='ltr'><strong>Italis</strong></span> <span class='ocrx_word' id='word_1_48' title='bbox 582 828 725 885; x_wconf 88' lang='lat' dir='ltr'><strong>adiudicat</strong></span> <span class='ocrx_word' id='word_1_49' title='bbox 733 833 830 888; x_wconf 86' lang='lat' dir='ltr'><strong>armis.</strong></span> 
     </span>
    </p>

    <p class='ocr_par' dir='ltr' id='par_1_6' title="bbox 122 903 750 971">
     <span class='ocr_line' id='line_1_9' title="bbox 122 903 750 971; baseline -0.002 -10"><span class='ocrx_word' id='word_1_50' title='bbox 122 905 175 970; x_wconf 80' lang='lat' dir='ltr'><strong>Ao,</strong></span> <span class='ocrx_word' id='word_1_51' title='bbox 190 922 226 960; x_wconf 84' lang='lat' dir='ltr'><strong>na</strong></span> <span class='ocrx_word' id='word_1_52' title='bbox 239 914 265 960; x_wconf 86' lang='lat' dir='ltr'><strong>ta</strong></span> <span class='ocrx_word' id='word_1_53' title='bbox 275 904 398 960; x_wconf 77' lang='lat' dir='ltr'>retrahas</span> <span class='ocrx_word' id='word_1_54' title='bbox 412 915 438 960; x_wconf 85' lang='lat' dir='ltr'><strong>et</strong></span> <span class='ocrx_word' id='word_1_55' title='bbox 452 903 654 960; x_wconf 72' lang='lat' dir='ltr'><strong>inexcusabilis</strong></span> <span class='ocrx_word' id='word_1_56' title='bbox 664 905 750 971; x_wconf 85' lang='lat' dir='ltr'><strong>absis,</strong></span> 
     </span>
    </p>

    <p class='ocr_par' dir='ltr' id='par_1_7' title="bbox 122 979 933 1204">
     <span class='ocr_line' id='line_1_10' title="bbox 124 979 845 1055; baseline 0.003 -19"><span class='ocrx_word' id='word_1_57' title='bbox 124 981 255 1053; x_wconf 88' lang='lat' dir='ltr'><strong>quamvis</strong></span> <span class='ocrx_word' id='word_1_58' title='bbox 265 979 304 1034; x_wconf 93' lang='lat' dir='ltr'><strong>nil</strong></span> <span class='ocrx_word' id='word_1_59' title='bbox 318 990 394 1036; x_wconf 80' lang='lat' dir='ltr'><strong>extra</strong></span> <span class='ocrx_word' id='word_1_60' title='bbox 405 995 553 1035; x_wconf 77' lang='lat' dir='ltr'><strong>numerum</strong></span> <span class='ocrx_word' id='word_1_61' title='bbox 564 979 665 1035; x_wconf 86' lang='lat' dir='ltr'><strong>loaissa</strong></span> <span class='ocrx_word' id='word_1_62' title='bbox 675 980 845 1055; x_wconf 77' lang='lat' dir='ltr'><strong>modumque</strong></span> 
     </span>
     <span class='ocr_line' id='line_1_11' title="bbox 123 1055 933 1129; baseline 0.001 -19"><span class='ocrx_word' id='word_1_63' title='bbox 123 1073 220 1124; x_wconf 82' lang='lat' dir='ltr'><strong>ouras3</strong></span> <span class='ocrx_word' id='word_1_64' title='bbox 236 1055 375 1111; x_wconf 83' lang='lat' dir='ltr'><strong>interdum</strong></span> <span class='ocrx_word' id='word_1_65' title='bbox 386 1057 499 1129; x_wconf 79' lang='lat' dir='ltr'><strong>nugaris</strong></span> <span class='ocrx_word' id='word_1_66' title='bbox 510 1071 574 1110; x_wconf 82' lang='lat' dir='ltr'><strong>rura</strong></span> <span class='ocrx_word' id='word_1_67' title='bbox 588 1063 712 1128; x_wconf 79' lang='lat' dir='ltr'><strong>paterno.</strong></span> <span class='ocrx_word' id='word_1_68' title='bbox 907 1068 933 1112; x_wconf 87' lang='lat' dir='ltr'><strong>to</strong></span> 
     </span>
     <span class='ocr_line' id='line_1_12' title="bbox 122 1130 721 1204; baseline -0.002 -18"><span class='ocrx_word' id='word_1_69' title='bbox 122 1131 245 1186; x_wconf 77' lang='lat' dir='ltr'><strong>Partitur</strong></span> <span class='ocrx_word' id='word_1_70' title='bbox 255 1130 352 1186; x_wconf 83' lang='lat' dir='ltr'><strong>lintres</strong></span> <span class='ocrx_word' id='word_1_71' title='bbox 363 1132 516 1200; x_wconf 82' lang='lat' dir='ltr'><strong>axoroitus3</strong></span> <span class='ocrx_word' id='word_1_72' title='bbox 534 1131 613 1186; x_wconf 76' lang='lat' dir='ltr'><strong>Antia</strong></span> <span class='ocrx_word' id='word_1_73' title='bbox 626 1146 721 1204; x_wconf 82' lang='lat' dir='ltr'><strong>pugna</strong></span> 
     </span>
    </p>

    <p class='ocr_par' dir='ltr' id='par_1_8' title="bbox 122 1204 740 1278">
     <span class='ocr_line' id='line_1_13' title="bbox 122 1204 740 1278; baseline -0.003 -16"><span class='ocrx_word' id='word_1_74' title='bbox 122 1213 152 1262; x_wconf 90' lang='lat' dir='ltr'><strong>to</strong></span> <span class='ocrx_word' id='word_1_75' title='bbox 162 1205 234 1261; x_wconf 80' lang='lat' dir='ltr'><strong>dune</strong></span> <span class='ocrx_word' id='word_1_76' title='bbox 243 1223 293 1278; x_wconf 85' lang='lat' dir='ltr'><strong>per</strong></span> <span class='ocrx_word' id='word_1_77' title='bbox 303 1223 403 1278; x_wconf 80' lang='lat' dir='ltr'><strong>pueros</strong></span> <span class='ocrx_word' id='word_1_78' title='bbox 413 1205 509 1262; x_wconf 90' lang='lat' dir='ltr'><strong>hostili</strong></span> <span class='ocrx_word' id='word_1_79' title='bbox 519 1222 596 1262; x_wconf 84' lang='lat' dir='ltr'><strong>moro</strong></span> <span class='ocrx_word' id='word_1_80' title='bbox 609 1204 740 1272; x_wconf 60' lang='lat' dir='ltr'><strong>refertum</strong></span> 
     </span>
    </p>
   </div>
   <div class='ocr_carea' id='block_1_3' title="bbox 122 1281 931 1582">
    <p class='ocr_par' dir='ltr' id='par_1_9' title="bbox 122 1281 772 1413">
     <span class='ocr_line' id='line_1_14' title="bbox 123 1281 772 1347; baseline -0.006 -9"><span class='ocrx_word' id='word_1_81' title='bbox 123 1281 301 1338; x_wconf 76' lang='lat' dir='ltr'><strong>adversarius</strong></span> <span class='ocrx_word' id='word_1_82' title='bbox 315 1289 356 1337; x_wconf 89' lang='lat' dir='ltr'><strong>est</strong></span> <span class='ocrx_word' id='word_1_83' title='bbox 365 1281 457 1347; x_wconf 80' lang='lat' dir='ltr'><strong>trater,</strong></span> <span class='ocrx_word' id='word_1_84' title='bbox 470 1281 548 1337; x_wconf 89' lang='lat' dir='ltr'><strong>laons</strong></span> <span class='ocrx_word' id='word_1_85' title='bbox 558 1281 668 1344; x_wconf 85' lang='lat' dir='ltr'><strong>Hadria,</strong></span> <span class='ocrx_word' id='word_1_86' title='bbox 683 1282 772 1337; x_wconf 77' lang='lat' dir='ltr'><strong>donno</strong></span> 
     </span>
     <span class='ocr_line' id='line_1_15' title="bbox 122 1355 742 1413; baseline -0.005 0"><span class='ocrx_word' id='word_1_87' title='bbox 122 1355 287 1413; x_wconf 78' lang='lat' dir='ltr'><strong>alterutrum</strong></span> <span class='ocrx_word' id='word_1_88' title='bbox 299 1356 379 1412; x_wconf 83' lang='lat' dir='ltr'><strong>velox</strong></span> <span class='ocrx_word' id='word_1_89' title='bbox 389 1357 503 1413; x_wconf 80' lang='lat' dir='ltr'><strong>viatoria</strong></span> <span class='ocrx_word' id='word_1_90' title='bbox 515 1355 612 1412; x_wconf 82' lang='lat' dir='ltr'><strong>lronda</strong></span> <span class='ocrx_word' id='word_1_91' title='bbox 622 1364 742 1412; x_wconf 83' lang='lat' dir='ltr'><strong>coronat.</strong></span> 
     </span>
    </p>

    <p class='ocr_par' dir='ltr' id='par_1_10' title="bbox 122 1431 931 1582">
     <span class='ocr_line' id='line_1_16' title="bbox 123 1431 931 1504; baseline -0.004 -16"><span class='ocrx_word' id='word_1_92' title='bbox 123 1431 286 1488; x_wconf 76' lang='lat' dir='ltr'><strong>Consentire</strong></span> <span class='ocrx_word' id='word_1_93' title='bbox 295 1435 355 1487; x_wconf 88' lang='lat' dir='ltr'><strong>suis</strong></span> <span class='ocrx_word' id='word_1_94' title='bbox 367 1433 469 1488; x_wconf 86' lang='lat' dir='ltr'><strong>studiis</strong></span> <span class='ocrx_word' id='word_1_95' title='bbox 479 1434 528 1504; x_wconf 87' lang='lat' dir='ltr'><strong>qui</strong></span> <span class='ocrx_word' id='word_1_96' title='bbox 539 1431 689 1486; x_wconf 75' lang='lat' dir='ltr'><strong>crediderit</strong></span> <span class='ocrx_word' id='word_1_97' title='bbox 698 1443 735 1495; x_wconf 86' lang='lat' dir='ltr'><strong>ta,</strong></span> <span class='ocrx_word' id='word_1_98' title='bbox 906 1442 931 1485; x_wconf 79' lang='lat' dir='ltr'><strong>tt</strong></span> 
     </span>
     <span class='ocr_line' id='line_1_17' title="bbox 122 1505 802 1582; baseline -0.003 -20"><span class='ocrx_word' id='word_1_99' title='bbox 122 1505 214 1563; x_wconf 82' lang='lat' dir='ltr'><strong>fautor</strong></span> <span class='ocrx_word' id='word_1_100' title='bbox 224 1517 342 1582; x_wconf 88' lang='lat' dir='ltr'><strong>utroquo</strong></span> <span class='ocrx_word' id='word_1_101' title='bbox 353 1515 432 1562; x_wconf 87' lang='lat' dir='ltr'><strong>tuum</strong></span> <span class='ocrx_word' id='word_1_102' title='bbox 446 1506 571 1562; x_wconf 85' lang='lat' dir='ltr'><strong>laudabit</strong></span> <span class='ocrx_word' id='word_1_103' title='bbox 581 1506 682 1579; x_wconf 74' lang='lat' dir='ltr'><strong>pollion</strong></span> <span class='ocrx_word' id='word_1_104' title='bbox 693 1506 802 1561; x_wconf 91' lang='lat' dir='ltr'><strong>ludum.</strong></span> 
     </span>
    </p>
   </div>
   <div class='ocr_carea' id='block_1_4' title="bbox 120 1583 930 2853">
    <p class='ocr_par' dir='ltr' id='par_1_11' title="bbox 121 1583 854 1656">
     <span class='ocr_line' id='line_1_18' title="bbox 121 1583 854 1656; baseline -0.001 -18"><span class='ocrx_word' id='word_1_105' title='bbox 121 1584 252 1639; x_wconf 85' lang='lat' dir='ltr'><strong>Protinus</strong></span> <span class='ocrx_word' id='word_1_106' title='bbox 263 1593 294 1639; x_wconf 87' lang='lat' dir='ltr'><strong>ut</strong></span> <span class='ocrx_word' id='word_1_107' title='bbox 304 1600 440 1647; x_wconf 77' lang='lat' dir='ltr'><strong>moneam,</strong></span> <span class='ocrx_word' id='word_1_108' title='bbox 455 1583 479 1637; x_wconf 90' lang='lat' dir='ltr'><strong>si</strong></span> <span class='ocrx_word' id='word_1_109' title='bbox 493 1583 563 1655; x_wconf 90' lang='lat' dir='ltr'><strong>quid</strong></span> <span class='ocrx_word' id='word_1_110' title='bbox 576 1584 720 1638; x_wconf 87' lang='lat' dir='ltr'><strong>monitoris</strong></span> <span class='ocrx_word' id='word_1_111' title='bbox 733 1599 799 1656; x_wconf 78' lang='lat' dir='ltr'><strong>agas</strong></span> <span class='ocrx_word' id='word_1_112' title='bbox 809 1591 854 1638; x_wconf 82' lang='lat' dir='ltr'><strong>tu:</strong></span> 
     </span>
    </p>

    <p class='ocr_par' dir='ltr' id='par_1_12' title="bbox 122 1656 835 1731">
     <span class='ocr_line' id='line_1_19' title="bbox 122 1656 835 1731; baseline -0.003 -16"><span class='ocrx_word' id='word_1_113' title='bbox 122 1659 194 1731; x_wconf 87' lang='lat' dir='ltr'><strong>quid</strong></span> <span class='ocrx_word' id='word_1_114' title='bbox 204 1659 238 1713; x_wconf 87' lang='lat' dir='ltr'><strong>da</strong></span> <span class='ocrx_word' id='word_1_115' title='bbox 249 1675 360 1731; x_wconf 84' lang='lat' dir='ltr'><strong>quoque</strong></span> <span class='ocrx_word' id='word_1_116' title='bbox 373 1660 433 1713; x_wconf 90' lang='lat' dir='ltr'><strong>viro</strong></span> <span class='ocrx_word' id='word_1_117' title='bbox 444 1668 471 1713; x_wconf 86' lang='lat' dir='ltr'><strong>at</strong></span> <span class='ocrx_word' id='word_1_118' title='bbox 479 1660 525 1713; x_wconf 83' lang='lat' dir='ltr'><strong>cui</strong></span> <span class='ocrx_word' id='word_1_119' title='bbox 536 1659 623 1722; x_wconf 82' lang='lat' dir='ltr'><strong>dions,</strong></span> <span class='ocrx_word' id='word_1_120' title='bbox 638 1675 721 1730; x_wconf 80' lang='lat' dir='ltr'><strong>saepo</strong></span> <span class='ocrx_word' id='word_1_121' title='bbox 732 1656 835 1713; x_wconf 85' lang='lat' dir='ltr'><strong>videto.</strong></span> 
     </span>
    </p>

    <p class='ocr_par' dir='ltr' id='par_1_13' title="bbox 122 1732 816 1807">
     <span class='ocr_line' id='line_1_20' title="bbox 122 1732 816 1807; baseline -0.004 -17"><span class='ocrx_word' id='word_1_122' title='bbox 122 1734 342 1791; x_wconf 86' lang='lat' dir='ltr'><strong>Paroontatoraru</strong></span> <span class='ocrx_word' id='word_1_123' title='bbox 353 1733 454 1807; x_wconf 85' lang='lat' dir='ltr'><strong>lugito;</strong></span> <span class='ocrx_word' id='word_1_124' title='bbox 468 1751 531 1789; x_wconf 88' lang='lat' dir='ltr'><strong>uam</strong></span> <span class='ocrx_word' id='word_1_125' title='bbox 542 1732 671 1807; x_wconf 80' lang='lat' dir='ltr'><strong>garrulus</strong></span> <span class='ocrx_word' id='word_1_126' title='bbox 680 1732 754 1787; x_wconf 83' lang='lat' dir='ltr'><strong>idom</strong></span> <span class='ocrx_word' id='word_1_127' title='bbox 764 1741 816 1798; x_wconf 78' lang='lat' dir='ltr'><strong>ast,</strong></span> 
     </span>
    </p>

    <p class='ocr_par' dir='ltr' id='par_1_14' title="bbox 121 1807 930 1882">
     <span class='ocr_line' id='line_1_21' title="bbox 121 1807 930 1882; baseline -0.004 -17"><span class='ocrx_word' id='word_1_128' title='bbox 121 1827 176 1866; x_wconf 83' lang='lat' dir='ltr'><strong>nso</strong></span> <span class='ocrx_word' id='word_1_129' title='bbox 185 1811 304 1865; x_wconf 70' lang='lat' dir='ltr'><strong>retinent</strong></span> <span class='ocrx_word' id='word_1_130' title='bbox 314 1808 424 1882; x_wconf 80' lang='lat' dir='ltr'><strong>patulas</strong></span> <span class='ocrx_word' id='word_1_131' title='bbox 437 1810 584 1863; x_wconf 83' lang='lat' dir='ltr'><strong>commissa</strong></span> <span class='ocrx_word' id='word_1_132' title='bbox 599 1807 718 1863; x_wconf 77' lang='lat' dir='ltr'><strong>fideliter</strong></span> <span class='ocrx_word' id='word_1_133' title='bbox 729 1825 820 1873; x_wconf 79' lang='lat' dir='ltr'><strong>aures.</strong></span> <span class='ocrx_word' id='word_1_134' title='bbox 903 1818 930 1864; x_wconf 78' lang='lat' dir='ltr'><strong>tt</strong></span> 
     </span>
    </p>

    <p class='ocr_par' dir='ltr' id='par_1_15' title="bbox 123 1881 807 1943">
     <span class='ocr_line' id='line_1_22' title="bbox 123 1881 807 1943; baseline -0.012 -1"><span class='ocrx_word' id='word_1_135' title='bbox 123 1894 152 1943; x_wconf 88' lang='lat' dir='ltr'><strong>at</strong></span> <span class='ocrx_word' id='word_1_136' title='bbox 161 1884 247 1941; x_wconf 80' lang='lat' dir='ltr'><strong>semel</strong></span> <span class='ocrx_word' id='word_1_137' title='bbox 258 1885 392 1939; x_wconf 86' lang='lat' dir='ltr'><strong>emissum</strong></span> <span class='ocrx_word' id='word_1_138' title='bbox 402 1882 477 1939; x_wconf 85' lang='lat' dir='ltr'><strong>volat</strong></span> <span class='ocrx_word' id='word_1_139' title='bbox 488 1881 670 1939; x_wconf 77' lang='lat' dir='ltr'><strong>irrevocabile</strong></span> <span class='ocrx_word' id='word_1_140' title='bbox 680 1882 807 1938; x_wconf 77' lang='lat' dir='ltr'><strong>verbum.</strong></span> 
     </span>
    </p>

    <p class='ocr_par' dir='ltr' id='par_1_16' title="bbox 121 1956 770 2030">
     <span class='ocr_line' id='line_1_23' title="bbox 121 1956 770 2030; baseline -0.008 -13"><span class='ocrx_word' id='word_1_141' title='bbox 121 1962 184 2017; x_wconf 87' lang='lat' dir='ltr'><strong>Non</strong></span> <span class='ocrx_word' id='word_1_142' title='bbox 193 1958 294 2017; x_wconf 84' lang='lat' dir='ltr'><strong>ancilla</strong></span> <span class='ocrx_word' id='word_1_143' title='bbox 305 1968 385 2014; x_wconf 90' lang='lat' dir='ltr'><strong>tuum</strong></span> <span class='ocrx_word' id='word_1_144' title='bbox 395 1960 472 2015; x_wconf 80' lang='lat' dir='ltr'><strong>ieeur</strong></span> <span class='ocrx_word' id='word_1_145' title='bbox 482 1957 587 2013; x_wconf 80' lang='lat' dir='ltr'><strong>ulcerat</strong></span> <span class='ocrx_word' id='word_1_146' title='bbox 597 1956 653 2013; x_wconf 87' lang='lat' dir='ltr'><strong>ulla</strong></span> <span class='ocrx_word' id='word_1_147' title='bbox 666 1974 770 2030; x_wconf 86' lang='lat' dir='ltr'><strong>puarva</strong></span> 
     </span>
    </p>

    <p class='ocr_par' dir='ltr' id='par_1_17' title="bbox 121 2032 753 2097">
     <span class='ocr_line' id='line_1_24' title="bbox 121 2032 753 2097; baseline -0.006 -6"><span class='ocrx_word' id='word_1_148' title='bbox 121 2036 195 2092; x_wconf 86' lang='lat' dir='ltr'><strong>intra</strong></span> <span class='ocrx_word' id='word_1_149' title='bbox 207 2050 391 2090; x_wconf 89' lang='lat' dir='ltr'><strong>marmoraum</strong></span> <span class='ocrx_word' id='word_1_150' title='bbox 402 2032 552 2089; x_wconf 71' lang='lat' dir='ltr'><strong>venerandi</strong></span> <span class='ocrx_word' id='word_1_151' title='bbox 564 2033 649 2087; x_wconf 82' lang='lat' dir='ltr'><strong>limen</strong></span> <span class='ocrx_word' id='word_1_152' title='bbox 660 2033 753 2097; x_wconf 84' lang='lat' dir='ltr'><strong>amici,</strong></span> 
     </span>
    </p>

    <p class='ocr_par' dir='ltr' id='par_1_18' title="bbox 121 2108 753 2182">
     <span class='ocr_line' id='line_1_25' title="bbox 121 2108 753 2182; baseline -0.008 -14"><span class='ocrx_word' id='word_1_153' title='bbox 121 2128 158 2168; x_wconf 87' lang='lat' dir='ltr'><strong>no</strong></span> <span class='ocrx_word' id='word_1_154' title='bbox 167 2110 298 2167; x_wconf 89' lang='lat' dir='ltr'><strong>dominus</strong></span> <span class='ocrx_word' id='word_1_155' title='bbox 309 2110 389 2182; x_wconf 83' lang='lat' dir='ltr'><strong>pueri</strong></span> <span class='ocrx_word' id='word_1_156' title='bbox 400 2108 510 2180; x_wconf 88' lang='lat' dir='ltr'><strong>pulohri</strong></span> <span class='ocrx_word' id='word_1_157' title='bbox 519 2124 634 2165; x_wconf 70' lang='lat' dir='ltr'><strong>omasus</strong></span> <span class='ocrx_word' id='word_1_158' title='bbox 643 2108 753 2180; x_wconf 76' lang='lat' dir='ltr'><strong>puellas</strong></span> 
     </span>
    </p>

    <p class='ocr_par' dir='ltr' id='par_1_19' title="bbox 122 2184 930 2258">
     <span class='ocr_line' id='line_1_26' title="bbox 122 2184 930 2258; baseline -0.002 -16"><span class='ocrx_word' id='word_1_159' title='bbox 122 2202 238 2243; x_wconf 77' lang='lat' dir='ltr'><strong>munera</strong></span> <span class='ocrx_word' id='word_1_160' title='bbox 249 2193 276 2240; x_wconf 86' lang='lat' dir='ltr'><strong>ta</strong></span> <span class='ocrx_word' id='word_1_161' title='bbox 289 2201 375 2257; x_wconf 86' lang='lat' dir='ltr'><strong>parvo</strong></span> <span class='ocrx_word' id='word_1_162' title='bbox 385 2184 449 2239; x_wconf 80' lang='lat' dir='ltr'><strong>baut</strong></span> <span class='ocrx_word' id='word_1_163' title='bbox 458 2192 505 2239; x_wconf 88' lang='lat' dir='ltr'><strong>aut</strong></span> <span class='ocrx_word' id='word_1_164' title='bbox 515 2184 708 2239; x_wconf 80' lang='lat' dir='ltr'><strong>inoommodus</strong></span> <span class='ocrx_word' id='word_1_165' title='bbox 716 2192 808 2258; x_wconf 81' lang='lat' dir='ltr'><strong>angat.</strong></span> <span class='ocrx_word' id='word_1_166' title='bbox 903 2196 930 2240; x_wconf 77' lang='lat' dir='ltr'><strong>tt</strong></span> 
     </span>
    </p>

    <p class='ocr_par' dir='ltr' id='par_1_20' title="bbox 122 2259 873 2389">
     <span class='ocr_line' id='line_1_27' title="bbox 122 2259 873 2331; baseline -0.005 -14"><span class='ocrx_word' id='word_1_167' title='bbox 122 2261 238 2330; x_wconf 82' lang='lat' dir='ltr'><strong>Qualem</strong></span> <span class='ocrx_word' id='word_1_168' title='bbox 249 2259 441 2323; x_wconf 77' lang='lat' dir='ltr'><strong>commendes,</strong></span> <span class='ocrx_word' id='word_1_169' title='bbox 457 2262 540 2314; x_wconf 82' lang='lat' dir='ltr'><strong>stiam</strong></span> <span class='ocrx_word' id='word_1_170' title='bbox 555 2270 638 2331; x_wconf 76' lang='lat' dir='ltr'><strong>atque</strong></span> <span class='ocrx_word' id='word_1_171' title='bbox 652 2260 736 2314; x_wconf 82' lang='lat' dir='ltr'><strong>otiam</strong></span> <span class='ocrx_word' id='word_1_172' title='bbox 750 2260 873 2331; x_wconf 87' lang='lat' dir='ltr'><strong>adspioa‚</strong></span> 
     </span>
     <span class='ocr_line' id='line_1_28' title="bbox 621 2350 732 2389; baseline 0 0"><span class='ocrx_word' id='word_1_173' title='bbox 621 2350 732 2389; x_wconf 74' lang='lat' dir='ltr'><strong>nomos</strong></span> 
     </span>
    </p>

    <p class='ocr_par' dir='ltr' id='par_1_21' title="bbox 123 2409 703 2481">
     <span class='ocr_line' id='line_1_29' title="bbox 123 2409 703 2481; baseline -0.007 -14"><span class='ocrx_word' id='word_1_174' title='bbox 123 2413 260 2467; x_wconf 79' lang='lat' dir='ltr'><strong>incutiant</strong></span> <span class='ocrx_word' id='word_1_175' title='bbox 268 2409 359 2465; x_wconf 87' lang='lat' dir='ltr'><strong>aliena</strong></span> <span class='ocrx_word' id='word_1_176' title='bbox 369 2409 420 2464; x_wconf 87' lang='lat' dir='ltr'><strong>tibi</strong></span> <span class='ocrx_word' id='word_1_177' title='bbox 436 2419 547 2480; x_wconf 86' lang='lat' dir='ltr'><strong>psooata</strong></span> <span class='ocrx_word' id='word_1_178' title='bbox 557 2409 703 2481; x_wconf 77' lang='lat' dir='ltr'><strong>pudorem.</strong></span> 
     </span>
    </p>

    <p class='ocr_par' dir='ltr' id='par_1_22' title="bbox 122 2483 873 2559">
     <span class='ocr_line' id='line_1_30' title="bbox 122 2483 873 2559; baseline -0.003 -18"><span class='ocrx_word' id='word_1_179' title='bbox 122 2484 268 2550; x_wconf 85' lang='lat' dir='ltr'><strong>Fallimur,</strong></span> <span class='ocrx_word' id='word_1_180' title='bbox 275 2483 632 2557; x_wconf 77' lang='lat' dir='ltr'><strong>etquondamuondignum</strong></span> <span class='ocrx_word' id='word_1_181' title='bbox 642 2484 791 2540; x_wconf 87' lang='lat' dir='ltr'><strong>tradimus:</strong></span> <span class='ocrx_word' id='word_1_182' title='bbox 807 2500 873 2559; x_wconf 77' lang='lat' dir='ltr'><strong>ergo</strong></span> 
     </span>
    </p>

    <p class='ocr_par' dir='ltr' id='par_1_23' title="bbox 122 2558 834 2633">
     <span class='ocr_line' id='line_1_31' title="bbox 122 2558 834 2633; baseline -0.001 -17"><span class='ocrx_word' id='word_1_183' title='bbox 122 2576 207 2633; x_wconf 82' lang='lat' dir='ltr'><strong>quem</strong></span> <span class='ocrx_word' id='word_1_184' title='bbox 217 2577 268 2615; x_wconf 84' lang='lat' dir='ltr'><strong>sna</strong></span> <span class='ocrx_word' id='word_1_185' title='bbox 277 2558 359 2631; x_wconf 84' lang='lat' dir='ltr'><strong>culpa</strong></span> <span class='ocrx_word' id='word_1_186' title='bbox 370 2569 484 2630; x_wconf 77' lang='lat' dir='ltr'><strong>premet,</strong></span> <span class='ocrx_word' id='word_1_187' title='bbox 495 2559 630 2631; x_wconf 81' lang='lat' dir='ltr'><strong>dooeptus</strong></span> <span class='ocrx_word' id='word_1_188' title='bbox 639 2561 736 2615; x_wconf 83' lang='lat' dir='ltr'><strong>omitto</strong></span> <span class='ocrx_word' id='word_1_189' title='bbox 748 2559 834 2630; x_wconf 81' lang='lat' dir='ltr'><strong>tuari3</strong></span> 
     </span>
    </p>

    <p class='ocr_par' dir='ltr' id='par_1_24' title="bbox 121 2635 930 2707">
     <span class='ocr_line' id='line_1_32' title="bbox 121 2635 930 2707; baseline -0.002 -16"><span class='ocrx_word' id='word_1_190' title='bbox 121 2645 153 2692; x_wconf 90' lang='lat' dir='ltr'><strong>ut</strong></span> <span class='ocrx_word' id='word_1_191' title='bbox 163 2636 276 2707; x_wconf 87' lang='lat' dir='ltr'><strong>penitus</strong></span> <span class='ocrx_word' id='word_1_192' title='bbox 286 2642 392 2699; x_wconf 87' lang='lat' dir='ltr'><strong>notum,</strong></span> <span class='ocrx_word' id='word_1_193' title='bbox 404 2635 545 2690; x_wconf 75' lang='lat' dir='ltr'><strong>sitsntant</strong></span> <span class='ocrx_word' id='word_1_194' title='bbox 554 2635 680 2699; x_wconf 88' lang='lat' dir='ltr'><strong>crimina,</strong></span> <span class='ocrx_word' id='word_1_195' title='bbox 695 2652 790 2691; x_wconf 79' lang='lat' dir='ltr'><strong>servas</strong></span> <span class='ocrx_word' id='word_1_196' title='bbox 902 2644 930 2689; x_wconf 75' lang='lat' dir='ltr'><strong>st</strong></span> 
     </span>
    </p>

    <p class='ocr_par' dir='ltr' id='par_1_25' title="bbox 121 2709 703 2782">
     <span class='ocr_line' id='line_1_33' title="bbox 121 2709 703 2782; baseline -0.005 -14"><span class='ocrx_word' id='word_1_197' title='bbox 121 2712 278 2781; x_wconf 80' lang='lat' dir='ltr'><strong>tuterisque</strong></span> <span class='ocrx_word' id='word_1_198' title='bbox 288 2718 335 2765; x_wconf 90' lang='lat' dir='ltr'><strong>tuo</strong></span> <span class='ocrx_word' id='word_1_199' title='bbox 346 2709 477 2763; x_wconf 82' lang='lat' dir='ltr'><strong>lidentoru</strong></span> <span class='ocrx_word' id='word_1_200' title='bbox 488 2710 640 2780; x_wconf 82' lang='lat' dir='ltr'><strong>praesidio:</strong></span> <span class='ocrx_word' id='word_1_201' title='bbox 653 2711 703 2782; x_wconf 90' lang='lat' dir='ltr'><strong>qui</strong></span> 
     </span>
    </p>

    <p class='ocr_par' dir='ltr' id='par_1_26' title="bbox 120 2783 803 2853">
     <span class='ocr_line' id='line_1_34' title="bbox 120 2783 803 2853; baseline -0.004 -12"><span class='ocrx_word' id='word_1_202' title='bbox 120 2786 204 2841; x_wconf 81' lang='lat' dir='ltr'><strong>dente</strong></span> <span class='ocrx_word' id='word_1_203' title='bbox 215 2784 358 2841; x_wconf 79' lang='lat' dir='ltr'><strong>Theonino</strong></span> <span class='ocrx_word' id='word_1_204' title='bbox 368 2800 455 2852; x_wconf 78' lang='lat' dir='ltr'><strong>quum</strong></span> <span class='ocrx_word' id='word_1_205' title='bbox 465 2783 688 2847; x_wconf 83' lang='lat' dir='ltr'><strong>circumroditur‚</strong></span> <span class='ocrx_word' id='word_1_206' title='bbox 700 2783 803 2853; x_wconf 80' lang='lat' dir='ltr'><strong>sequid</strong></span> 
     </span>
    </p>
   </div>
   <div class='ocr_carea' id='block_1_5' title="bbox 0 0 1084 3150">
    <p class='ocr_par' dir='ltr' id='par_1_27' title="bbox 0 0 1084 3150">
     <span class='ocr_line' id='line_1_35' title="bbox 0 0 1084 3150; baseline 0 0"><span class='ocrx_word' id='word_1_207' title='bbox 0 0 1084 3150; x_wconf 95' lang='lat' dir='ltr'><strong> </strong></span> 
     </span>
    </p>
   </div>
  </div>
 </body>
</html>
