2159 3150
311 793 652 870 PRAEFATIO.

128 1159 232 1231 liene
251 1170 287 1227 de
305 1169 480 1227 editionibus
499 1178 648 1226 auctorum
664 1188 833 1243 graecorum
847 1179 877 1226 et

87 1288 240 1346 latinorum
261 1306 276 1344 e
300 1284 397 1346 Caroli
419 1286 603 1344 Tauchnitzii
621 1286 708 1361 prelis
731 1287 762 1343 in
783 1287 876 1362 publi-

88 1425 151 1462 cum
168 1404 280 1461 emissis
297 1405 415 1461 meritus
434 1402 476 1466 C.·
486 1404 526 1466 H.
542 1404 671 1475 Weise,
699 1423 775 1462 anno
797 1405 876 1462 1850

87 1531 219 1598 tempore
236 1541 289 1594 suo
305 1521 467 1595 defunctus,
484 1522 571 1579 etiam
587 1522 740 1580 Horatium
760 1523 797 1579 ad
811 1541 877 1580 nor-

87 1660 163 1698 mam
182 1650 211 1698 et
228 1641 368 1698 rationem
387 1640 472 1698 huius
490 1640 675 1700 classicorum
699 1639 879 1698 collectionis

88 1759 232 1816 edendum
261 1760 339 1815 1843
367 1766 527 1821 curaverat.
571 1758 692 1815 Tabulis
715 1768 824 1829 autem,
848 1758 877 1815 in

88 1876 192 1951 quibus
224 1885 328 1950 poetae
356 1884 453 1933 textus
485 1876 562 1951 typis
591 1875 692 1933 solidis
726 1894 879 1950 expressus

89 2002 163 2065 erat,
185 1993 368 2054 usudetritin
387 1993 449 2050 fiori
471 2012 530 2050 non
548 1993 642 2067 potuit
661 1992 730 2066 quin
748 1994 784 2049 de
801 2011 880 2051 nova

34 2100 36 2169 ¹,
90 2110 217 2167 editione
239 2110 368 2185 paranda
389 2130 448 2168 non
467 2110 652 2186 cogitaretur.
697 2109 762 2183 Quo
782 2111 813 2167 in
830 2130 879 2169 nc

35 2196 40 2285 ἰ,
88 2228 170 2303 gotio
189 2228 261 2285 nihil
278 2227 356 2285 aliud
378 2238 516 2303 tanquam
536 2227 600 2290 finis
618 2228 798 2303 propositum
817 2247 880 2286 esse

37 2400 40 2411 ,
89 2354 213 2420 poterat,
233 2364 319 2419 quam
334 2355 375 2417 ut,
394 2348 473 2419 quod
491 2366 553 2430 rem
566 2346 658 2420 ipsam
673 2355 702 2403 et
714 2346 881 2420 primariam
963 2364 965 2369 ·

91 2463 245 2534 attinebat,
272 2472 370 2523 textus
387 2463 510 2521 Weisii
531 2482 585 2538 pro
607 2463 812 2537 probabilitate
829 2482 882 2521 sua

89 2580 278 2638 fundamento
304 2592 461 2655 poneretur
482 2592 511 2638 et
532 2581 632 2656 paucis
654 2590 780 2651 tantum,
808 2600 882 2655 quac

88 2698 230 2773 imprimis
266 2698 440 2756 crebriorem
477 2701 631 2756 verborum
668 2697 883 2754 distinctionem

89 2824 236 2891 spectant,
260 2817 377 2873 mutatis
397 2818 493 2873 denuo
512 2816 691 2871 redderetur.
732 2812 798 2883 Quo
818 2831 880 2869 cum

973 2984 1050 3103 ‘l
