2159 3150
396 285 535 331 LIBER
564 289 582 331 1.

179 385 282 440 olentis
292 403 394 442 uxores
406 388 508 450 mariti,

220 477 271 515 neo
281 461 387 517 virides
400 471 528 518 metuunt
537 461 668 517 colubras

141 568 193 606 neo
203 553 345 610 Martiales
360 554 513 610 hoeduleae
526 555 617 626 lupos,

141 636 294 699 utcumque
305 629 393 696 dulei,
404 630 537 704 Tyndari,
550 630 643 684 fistula

179 703 269 760 valles
280 715 307 761 et
320 707 430 762 Usticae
442 706 572 761 euhantis

220 777 293 836 levia
302 799 472 855 personuere
483 798 561 837 saxa.

140 873 172 927 Di
184 891 229 930 me
240 883 366 930 tuentur:
379 874 424 929 dis
435 875 524 947 pietas
537 891 598 928 mea

141 957 167 1004 et
176 951 255 1004 Musa
270 951 346 1006 cordi
358 959 410 1006 est.
450 952 501 1005 llio
511 949 564 1004 tibi
575 951 655 1021 eopia

178 1026 304 1081 manabit
314 1026 349 1080 ad
360 1026 475 1098 plenum
487 1025 610 1098 benigno

218 1103 292 1157 ruris
303 1102 439 1157 honorum
450 1101 582 1174 opulenta
593 1117 690 1155 cornu.

139 1195 190 1249 llio
201 1195 230 1248 in
241 1194 353 1250 reducta
365 1195 438 1250 valle
449 1193 599 1250 Caniculae

140 1269 245 1325 vitabis
256 1281 359 1336 aestus,
373 1279 400 1327 et
410 1270 464 1325 fide
475 1270 542 1325 Teia

176 1344 255 1400 dices
269 1346 426 1402 laborantes
437 1347 466 1401 iu
477 1362 533 1401 uno

213 1421 370 1495 Penelopen
383 1424 557 1494 vitreamque
570 1421 682 1478 Circen.

138 1517 190 1572 llio
200 1517 357 1572 innocentis
372 1514 471 1588 poeula
482 1514 579 1570 Lesbii

137 1594 225 1648 duces
236 1594 290 1648 sub
300 1592 413 1647 umbre:
436 1608 487 1646 neo
498 1589 654 1646 Semeleius

176 1662 242 1723 ormi
251 1671 336 1725 Marte
348 1667 500 1723 eonlundet
510 1667 660 1741 Thyoneus

212 1745 318 1816 proelia
328 1762 334 1811 ;
347 1760 399 1798 nec
410 1752 517 1798 metues
528 1750 689 1815 protervum
787 1746 793 1757 '

136 1846 267 1915 suspecta
279 1836 390 1911 Cyrum,
403 1854 437 1891 ne
448 1836 520 1890 male
531 1834 639 1907 dispari

136 1915 342 1972 incontinentes
353 1912 461 1967 iniioiat
471 1928 581 1976 manus,

176 1999 204 2046 et
213 1988 323 2045 scindat
334 1988 492 2043 haerentem
503 2003 632 2043 eoronam

214 2064 350 2129 crinibus,
363 2063 587 2134 immeritamque
599 2069 704 2117 vestem

337 2309 363 2368 0
384 2307 409 2367 l)
430 2306 455 2367 Ε
497 2306 613 2367 xvltl.

237 2448 282 2487 sn
300 2447 324 2486 r.
343 2441 573 2496 ourrrorruruu
589 2439 704 2482 vassu

389 2555 560 2568 —u—

177 2654 255 2687 Laudat
264 2652 339 2694 vinum,
350 2651 385 2685 seu
395 2650 423 2683 ite
433 2652 455 2682 ut
461 2648 562 2683 moderate
569 2646 657 2682 orbetur.
678 2645 736 2679 Hetr-
745 2642 773 2677 11.

95 2727 227 2800 Nullam,
238 2735 319 2797 Vere,
331 2749 409 2787 sacra
421 2731 477 2785 vite
487 2729 567 2801 prius
577 2725 684 2781 severis
697 2724 824 2779 arborem

95 2816 169 2868 circa
182 2814 248 2867 mite
261 2811 352 2865 solum
363 2807 476 2863 Tiburis
487 2812 513 2859 et
524 2801 632 2857 moenia
644 2798 736 2855 Catili.
