2159 3150
365 331 502 380 LIBER
538 333 575 380 lv

150 434 215 488 Post
226 432 278 487 hoc
287 429 420 488 secundis
428 448 517 506 usque
529 432 671 490 laboribus

151 509 273 564 Romana
283 507 376 580 pubes
384 508 483 573 crevit,
493 517 520 564 at
529 507 618 581 impia

187 591 293 639 vastata
304 583 456 639 Poenorum
467 583 588 640 tumultu

225 657 287 713 iana
297 657 364 714 deos
373 658 495 715 habuere
505 667 603 723 rectus.

148 767 279 839 dixitque
288 765 399 823 tandem
409 767 533 841 perfidus
543 767 693 824 Hannibal:

148 843 236 908 curvi,
249 843 377 915 lnporum
390 842 493 916 praeda
502 845 655 917 rapacium,

187 927 326 973 sectamur
335 918 417 984 ultro,
429 935 500 992 quos
509 920 620 992 opimus

226 992 322 1049 iallere
331 1002 359 1049 et
372 993 492 1068 effligere
503 1003 545 1051 est
554 994 723 1068 triumphus.

148 1103 234 1168 Gens,
246 1118 318 1175 quae
328 1112 447 1160 cremato
457 1103 535 1159 iortis
546 1102 581 1161 ab
591 1102 642 1160 llio

147 1179 248 1234 iactata
262 1179 361 1234 Tuscis
372 1178 541 1251 aequoribus
553 1196 631 1234 saera

186 1261 610 1327 natosquematuresquepatres

222 1328 339 1402 pertulit
347 1329 484 1386 Ausonius
495 1328 633 1395 edumas,

146 1438 228 1494 duris
241 1447 270 1494 ut
279 1438 337 1494 ilex
347 1446 424 1494 tonsa
434 1437 606 1511 bipennibus

148 1515 245 1589 nigrae
257 1511 340 1569 feraci
351 1512 458 1569 frondis
468 1517 497 1569 in
508 1513 617 1590 algido,

186 1606 238 1663 per
248 1588 357 1654 damus,
368 1590 537 1663 perennes,
550 1590 585 1645 eb
594 1592 655 1662 ipso

224 1665 303 1722 ducit
312 1682 379 1739 opes
388 1664 567 1738 animumque
579 1665 659 1721 ferro.

146 1776 209 1832 Non
219 1773 309 1905 thrn
319 1783 394 1831 sacta
405 1792 517 1847 corpore
531 1774 635 1831 firmior

148 1851 226 1905 vinci
256 1849 375 1906 olentem
385 1851 511 1906 creritin
523 1848 678 1913 Herculem,

186 1934 377 1981 monstrumve
388 1927 552 1983 summisere
566 1924 660 1983 Colchi

225 2001 316 2056 maius
326 2000 513 2057 Echioniaeve
522 1998 644 2057 Thebae.

147 2109 414 2183 iicrsesproiund0;
435 2109 578 2182 pulchrior
588 2110 694 2167 evenit

149 2186 269 2255 luctura3
282 2185 369 2242 multa
378 2194 490 2259 proruet
500 2186 637 2261 integrum

188 2278 253 2317 eum
263 2260 346 2317 leude
355 2262 487 2318 victorem
500 2269 632 2337 geretque

225 2337 330 2408 proelia
341 2337 508 2412 coniugibus
521 2332 658 2411 loquenda

149 2445 313 2520 Carthagini
328 2447 385 2503 iam
398 2463 453 2503 non
466 2463 518 2521 ego
524 2446 640 2517 nuntias

151 2522 260 2576 mittam
271 2522 422 2595 superbus:
438 2521 550 2591 occidit,
562 2518 664 2577 occidit

189 2613 255 2669 spes
265 2598 357 2653 omnis
367 2606 394 2653 et
404 2596 511 2653 iortunn
522 2596 608 2653 nostri

228 2672 350 2728 nominis
359 2670 532 2728 Hasdrubale
543 2672 703 2728 interemto.

152 2772 200 2828 Nil
215 2771 347 2829 Claudiae
357 2789 411 2830 nnn
421 2772 566 2845 perficiant
578 2786 686 2833 manus,

152 2864 226 2919 quas
236 2857 262 2903 et
272 2846 395 2923 benigno
405 2850 519 2904 numine
529 2848 652 2919 luppiter
666 2919 713 2972 Μ

815 329 862 385 tlt

890 443 916 494 tt
