2159 3150
210 260 256 312 lll
489 265 674 312 ODARUM

151 377 176 422 15
282 366 338 420 iam
350 365 420 420 laete
433 364 582 438 depulsum
595 366 710 432 leonem,

318 440 400 526 dente
411 458 482 498 novo
491 443 623 513 peritura,
639 443 724 500 vidit:

244 520 340 607 videre
351 550 443 604 Raetis
456 549 530 606 bella
542 550 596 607 sub
608 551 729 626 Alpibus

241 627 360 682 Drusum
371 634 512 700 gerentem
521 627 676 683 Vindelici
670 631 842 703 ,—quibus

280 719 340 757 mos
351 700 426 756 unde
437 700 575 757 deductus
588 721 639 776 per
648 721 730 760 omne

149 789 175 834 to
320 786 430 850 tempus
440 776 591 833 Amazonia
605 781 696 834 securi

243 877 355 935 dextras
364 877 499 943 obarmet,
511 895 645 953 quaerere
656 880 765 948 distuli,

242 971 295 1011 neo
308 954 379 1010 seire
391 953 432 1011 les
443 964 485 1010 est
493 956 601 1024 omnia;
617 955 715 1012 -sed
727 957 776 1013 diu

282 1031 393 1104 lateque
404 1031 534 1087 victrices
545 1040 671 1088 catervae

312 1105 439 1162 oonsiliis
453 1106 564 1162 iuvenis
575 1108 695 1163 revictae

239 1233 361 1281 sensere,
372 1214 442 1289 quid
451 1233 529 1272 mens
540 1217 602 1281 rite,
614 1216 683 1290 quid
694 1218 802 1275 indoles

241 1291 344 1348 nutrita
355 1291 453 1348 lauetis
462 1290 517 1347 sub
527 1293 718 1364 penetralibus

279 1376 382 1441 posset,
394 1366 464 1440 quid
475 1368 595 1441 Augusti
605 1378 737 1442 paternus

313 1443 343 1499 in
352 1459 453 1516 pueros
467 1443 577 1500 animus
588 1445 720 1500 Nerones.

243 1554 338 1610 Fortes
350 1562 478 1609 oreantur
488 1551 607 1609 fortibus
618 1563 644 1611 et
659 1553 748 1611 bonis.

234 1629 289 1686 'Est
298 1630 327 1685 in
341 1628 479 1695 iuvencis,
492 1631 573 1686 estin
585 1632 666 1703 equis
678 1640 787 1705 patrum

281 1707 385 1774 virtus3
409 1722 499 1779 neque
508 1705 651 1762 imbellem
664 1705 768 1762 seroces

314 1790 498 1857 progenerant
511 1783 623 1855 aquilae
634 1782 802 1857 columbam.

240 1892 368 1947 Doctrina
379 1890 427 1947 sed
439 1892 496 1946 vim
507 1902 651 1964 promovet
664 1893 786 1958 insitam,

240 1968 365 2040 rectique
379 1967 471 2023 cultus
481 1978 593 2039 pectora
606 1968 748 2025 roborant:

278 2052 430 2116 utcumque
439 2041 565 2101 deleoere
577 2061 677 2109 mores,

314 2117 475 2175 indecorant
487 2118 558 2176 bene
569 2129 632 2176 nata
643 2119 752 2195 culpae.

241 2228 315 2297 Quid
326 2228 439 2294 debeas
450 2230 572 2295 ollonae,
584 2230 750 2295 Neronibus,

242 2306 321 2361 testie
330 2306 485 2361 Metaurum
496 2303 600 2362 flumen
612 2314 640 2362 et
648 2304 801 2363 Hasdrubal

278 2379 407 2437 devictus
418 2390 445 2437 et
453 2381 572 2454 pulcher
582 2381 685 2457 iugatis

315 2456 365 2512 ille
374 2456 435 2512 dies
445 2458 523 2514 Latio
536 2456 668 2522 tenebris,

241 2555 694 2712 tltllltlutll‘tlttu

279 2732 330 2771 oeu
341 2713 450 2771 flamma
460 2733 511 2789 per
520 2716 624 2783 taedas,
638 2718 682 2774 vel
696 2718 786 2773 Eurus

315 2807 365 2863 per
376 2790 484 2846 Siculas
495 2793 631 2864 equitavit
646 2791 745 2850 undas.
