2159 3150
236 302 317 348 ma.
339 303 359 347 1.
387 301 531 348 eursu.
554 301 743 350 xv1.xv11.
816 299 870 355 tte

289 530 562 594 EPISTOLA
595 531 692 592 xvn.

349 649 397 690 Au
427 649 624 690 SCAEVU.

169 856 201 892 Da
214 855 348 900 petendorum
357 855 449 890 antuus
454 854 545 899 wuda
552 854 678 897 sciendoque
688 859 804 899 praecepte.
918 884 921 891 .

108 917 270 995 Quamvis,
288 927 406 992 Scaeva,
422 927 491 982 satis
506 943 557 999 per
571 934 598 982 te
611 926 665 982 tibi
679 927 819 994 consulis,
839 938 867 986 ct

611 1018 677 1064 acra,

106 1095 166 1152 quo
174 1077 287 1134 taudem
298 1087 378 1150 psctc
391 1077 488 1134 deceat
497 1075 651 1132 maioribus
661 1077 718 1132 uti:

105 1153 195 1217 disce,
206 1152 348 1209 docendus
357 1152 527 1225 adhucquae
536 1160 631 1209 censet
639 1151 788 1219 amiculus,
804 1153 865 1209 utsi

107 1225 514 1295 caecusitermcastaarevelit;
527 1235 619 1283 tamen
629 1227 786 1299 adspice‚ai
795 1229 866 1304 quid

107 1313 135 1360 et
145 1322 207 1368 uos,
220 1303 295 1376 quod
305 1321 387 1361 cures
396 1302 543 1376 preprium
554 1302 664 1366 iecisse,
677 1302 835 1375 loquamur.
909 1317 922 1360 e

106 1377 137 1434 Si
147 1388 176 1435 te
188 1388 266 1453 grata
277 1379 358 1451 quies
367 1387 395 1434 et
404 1379 523 1451 primam
535 1394 653 1434 wmuua
663 1377 693 1432 iu
704 1377 799 1434 horam

107 1453 237 1519 deiectat,
250 1454 275 1509 si
285 1463 312 1510 ta
323 1454 418 1526 pulvis
431 1453 622 1525 strepitusque
635 1462 767 1518 rotarum,

107 1530 132 1586 si
144 1528 231 1585 laedit
243 1546 378 1602 caupona,
390 1529 569 1587 ferentinum
581 1529 623 1585 ire
633 1528 752 1585 iubebo:

106 1623 172 1661 uam
183 1622 276 1678 neque
285 1605 423 1661 «divitibus
432 1605 602 1678 contingunt
610 1604 713 1678 gaudie
723 1605 802 1671 sotis,

106 1698 161 1737 uae
173 1680 247 1737 vixit
259 1679 340 1746 nale,
352 1680 403 1753 qui
412 1690 493 1738 uatus
505 1681 684 1751 moriensque
695 1679 805 1737 fefellit.
894 1692 920 1735 rc

102 1755 136 1812 Si
147 1755 281 1829 prodesse
291 1756 350 1811 tuis
358 1752 509 1827 pauilcque
519 1754 672 1829 benignius
683 1756 777 1827 ipsum

106 1842 134 1887 te
148 1840 265 1886 tractare
277 1829 364 1895 roias,
375 1829 491 1887 accedes
501 1831 596 1887 siccus
606 1830 641 1885 ad
651 1838 779 1886 unctum.

106 1906 151 1963 »Si
162 1905 380 1979 pranderateius
390 1907 535 1978 patienter,
548 1905 663 1978 regibus
673 1904 716 1960 uti

106 1980 210 2037 »uellet
221 1980 408 2053 Aristippus«
428 1980 453 2054 ἹῘ
464 1979 508 2036 »Si
517 1982 604 2037 sciret
614 1981 729 2054 regibus
739 1981 791 2044 uti.

106 2056 262 2113 »fastidiret
271 2055 343 2122 olus,
355 2056 405 2129 qui
416 2074 461 2113 me
472 2064 573 2113 notata
601 2055 696 2111 Utrius
705 2055 806 2112 horum
893 2066 919 2111 ts

107 2132 197 2189 verba
206 2131 309 2205 probes
318 2140 347 2187 et
359 2130 441 2195 iacta,
452 2130 530 2196 doce,
544 2131 588 2187 vel
597 2132 691 2187 iunior
699 2130 777 2194 audi.

106 2225 159 2263 cur
167 2208 207 2263 sit
216 2206 353 2279 Aristippi
365 2208 454 2279 potior
464 2207 611 2262 sententia
643 2208 770 2279 Namque

106 2282 266 2339 mordacem
275 2281 412 2357 Cynicum
419 2282 462 2337 sic
473 2280 612 2346 eludebat,
628 2283 762 2337 utaiuut:

106 2356 238 2413 »Scurror
246 2374 300 2432 ego
309 2359 372 2429 ipse
382 2358 464 2423 mihi,
476 2356 581 2429 populo
595 2366 641 2411 tu:
655 2357 760 2413 rectius
768 2355 823 2412 hcc
834 2366 863 2413 et

106 2432 299 2506 »splendidius
307 2432 397 2491 multe
405 2441 459 2489 est.
489 2434 587 2505 Equus
597 2440 629 2488 ut
637 2448 683 2487 me
692 2439 796 2504 portet.
806 2430 862 2489 aiat

607 2524 668 2571 rex,
890 2516 918 2560 tt

106 2582 247 2641 »officium
257 2582 339 2641 facio.
370 2585 412 2640 Tu
420 2584 513 2656 poecis
527 2580 595 2639 vilia
608 2598 711 2647 rerum,

106 2658 205 2715 »dante
214 2659 315 2724 minor,
327 2660 458 2731 quamvis
469 2658 524 2714 fers
538 2665 565 2713 te
575 2656 682 2713 nullius
692 2666 846 2729 egentem«

105 2732 206 2790 Omuis
218 2734 393 2807 Aristippum
406 2734 501 2789 decuit
510 2732 587 2788 color
596 2741 624 2787 et
632 2740 721 2787 statua
730 2738 758 2786 et
768 2748 832 2803 rua,¹

105 2816 259 2865 teutautem
270 2810 383 2875 maiora,
396 2808 453 2864 iure
463 2807 657 2876 praesentibus
667 2822 801 2877 aequum.
