2159 3150
304 275 382 318 LIB.
404 274 422 319 1.
452 273 598 320 Euls‘r.
621 274 657 318 11.
809 271 856 323 2ss

98 377 153 432 sub
165 376 279 431 domina
294 376 440 429 meretrice
451 373 551 429 fuisset
561 375 651 446 turpis
661 385 689 430 et
698 392 796 432 excors
819 357 854 430 *z
888 391 914 434 25

98 453 221 508 vixisset
231 453 309 506 canis
320 449 483 504 immundus
494 450 537 504 vel
554 451 643 504 amica
655 449 713 506 luto
721 469 784 515 sos.¹
863 454 875 516 s

97 530 155 583 Nos
166 544 301 582 numerus
314 543 412 581 sumus
423 533 450 580 et
461 524 556 599 fruges
567 543 730 581 consumere
741 531 820 592 nati„
853 568 857 576 ,

98 602 198 676 sponsi
208 601 373 673 Peneiopae,
387 601 553 666 nebulones,
569 600 737 674 Alcinoique

98 681 128 734 in
144 688 207 734 cute
219 676 342 732 curanda
354 677 418 748 plus
430 693 519 748 aequo
530 688 642 749 oparata
654 678 796 741 iuventus.

98 755 146 809 cui
161 753 311 826 pulchrum
326 751 380 807 suit
390 754 420 807 in
435 751 543 808 medios
553 752 676 808 dormire
686 753 748 810 dias
759 763 786 810 et
887 767 913 811 to

97 829 133 884 ad
144 830 293 900 strepitum
304 827 427 883 citharae
437 836 575 882 cessatum
587 828 691 884 ducere
701 847 808 885 curam.

95 907 132 961 Ut
143 905 275 978 iugulent
285 904 423 968 homines,
438 914 560 978 surgunt
572 903 608 959 de
618 913 698 960 nocte
712 905 847 963 latrones:

97 990 128 1036 ut
139 981 271 1052 teipsum
283 997 387 1048 serves,
404 996 459 1034 non
470 979 694 1052 expergisceris?
707 980 791 1053 Atqui

96 1057 121 1110 si
135 1056 213 1111 noles
227 1073 322 1119 sanus,
334 1053 429 1111 curres
440 1054 627 1129 hydropicum
645 1065 672 1110 et
683 1059 713 1111 ni

96 1148 198 1203 posces
212 1142 275 1186 ante
286 1131 362 1186 diem
373 1130 478 1186 librum
487 1147 553 1186 oum
563 1132 679 1193 iumine,
691 1133 784 1188 sinon
887 1146 913 1189 ³5

97 1207 228 1263 intendes
239 1208 365 1261 animum
375 1205 479 1261 studiis
491 1215 517 1261 et
528 1205 613 1261 rebus
623 1205 758 1270 honestis,

96 1282 208 1338 invidia
221 1283 265 1338 vel
277 1299 368 1336 amore
379 1282 450 1355 vigil
461 1281 639 1354 torquebere.
669 1283 739 1338 Nam
751 1301 810 1347 cur,

96 1375 170 1430 quae
182 1357 297 1413 laedunt
310 1357 434 1422 oculum,
448 1356 563 1412 festines
574 1357 699 1426 damer03
722 1359 828 1431 siquid

97 1443 139 1489 est
150 1435 287 1496 animum,
303 1431 398 1488 differs
410 1433 526 1487 curandi
536 1441 647 1504 tempus
657 1433 687 1488 in
699 1433 821 1488 annum?

96 1508 253 1564 Dimidium
265 1508 340 1573 facti,
353 1508 403 1581 qui
414 1509 515 1581 coepit,
531 1507 631 1563 habet:
652 1526 750 1581 sapere
764 1510 850 1581 aude;
886 1517 912 1564 io

97 1586 210 1657 inoipai
236 1584 290 1650 Qui
302 1593 375 1640 reete
386 1585 501 1640 vivendi
512 1592 642 1658 prorogat
652 1584 757 1650 horam,

97 1663 223 1717 rusticus
235 1669 386 1731 exspectat,
399 1660 466 1715 dum
478 1658 582 1715 defluat
593 1661 697 1724 amnis;
715 1662 801 1717 atille

97 1736 205 1791 labitur
218 1746 245 1791 et
255 1736 363 1791 labetur
374 1736 403 1791 in
414 1752 496 1792 omne
507 1735 642 1791 volubilis
656 1753 767 1791 aevum.

96 1812 249 1879 Quaeritur
259 1820 405 1885 argentum
416 1812 569 1884 puerisque
581 1811 659 1866 beata
674 1812 802 1867 creandis

97 1904 180 1951 uxor,
195 1895 222 1941 et
233 1887 354 1942 incultae
366 1897 501 1958 pacantur
511 1904 622 1942 vomere
631 1887 731 1942 silvae.
885 1894 912 1942 ⁴5

96 1962 178 2030 Quod
191 1964 260 2017 satis
271 1972 313 2017 est
323 1964 369 2017 cui
379 1963 526 2035 contingit,
544 1963 583 2018 nil
595 1964 716 2033 amplius
727 1973 812 2035 optet.

95 2039 159 2094 Non
171 2037 272 2092 domus
283 2048 310 2093 et
321 2035 435 2102 fundus,
447 2055 501 2093 non
514 2038 586 2093 aeris
598 2055 714 2093 acervus
725 2048 752 2093 et
762 2039 823 2093 auri

96 2123 211 2187 aegroto
222 2113 327 2169 domini
339 2112 457 2169 deduxit
467 2130 581 2185 corpore
592 2112 693 2177 febres,

96 2206 154 2244 non
166 2189 260 2243 animo
270 2207 363 2244 curas.
392 2190 487 2244 Vaieet
497 2206 640 2261 possessor
650 2197 766 2260 oportet,

96 2267 121 2319 si
138 2265 318 2336 comportatis
330 2265 413 2319 rebus
424 2264 496 2321 bene
508 2266 611 2339 cogitat
622 2264 673 2320 uti.
885 2275 911 2318 50

96 2337 154 2405 Qui
164 2340 244 2411 cupit
257 2348 305 2395 aut
315 2342 422 2403 metuit,
434 2342 513 2396 iuvet
523 2340 604 2395 illum
616 2341 658 2394 sic
668 2340 768 2393 domus
780 2349 807 2395 et
817 2357 871 2405 res,

95 2424 129 2470 ut
141 2414 253 2486 lippum
264 2416 354 2486 pictae
365 2415 486 2480 tabulae,
503 2414 623 2471 fomenta
634 2415 795 2488 podagram.

96 2490 242 2545 auriculas
254 2490 376 2545 citharae
388 2491 502 2547 collecta
513 2492 594 2545 sorde
605 2490 741 2547 dolentes.

96 2564 248 2621 Sincerum
259 2575 302 2620 est
312 2566 772 2639 nisivas‚quodcumqueiniundis
791 2583 854 2623 aco

601 2642 664 2696 seit.

95 2714 207 2787 Sperne
218 2716 390 2788 voluptatem
404 2724 484 2772 nocet
494 2726 566 2771 emta
578 2715 673 2771 dolore
683 2717 823 2787 voluptas.
884 2727 910 2770 55

95 2790 217 2863 Semper
228 2809 329 2847 avarus
340 2802 416 2867 agen
433 2801 537 2847 certum
554 2799 616 2846 voto
627 2800 689 2862 pete
700 2792 793 2846 tinem.

135 2867 275 2922 Honsrius.
676 2865 700 2931 Q
