2159 3150
369 261 505 318 bruun
544 263 589 308 lv.

178 382 280 422 vexare
291 373 396 420 turmas
407 371 433 418 et
444 362 603 418 frementem

207 443 324 497 mittere
335 457 438 512 equum
448 438 554 492 medios
566 454 615 509 per
627 439 716 510 ignes.

141 543 192 599 Sic
200 539 371 598 tauriformis
381 539 504 595 volvitur
514 537 641 602 Aufidus,

140 620 192 691 qui
208 635 293 690 regna
302 616 390 671 Dauni
403 613 532 687 praefluit
542 613 655 684 Appull,

181 710 269 765 quum
280 692 370 745 saevit
380 689 600 758 horrendamque
611 688 693 742 cultis

219 767 356 821 diluviem
367 763 515 819 meditatur
525 763 613 836 agris:

120 905 125 911 ·
141 885 174 932 ut
187 875 367 930 barbarorum
377 872 510 930 Claudius
521 873 630 945 agmina

144 951 244 1007 ferrata
255 959 333 1005 vasto
343 947 430 1003 diruit
442 949 559 1020 impetu,

182 1028 344 1099 primosque
357 1033 384 1078 et
394 1031 531 1078 extremos
542 1019 678 1085 metendo,

221 1101 320 1156 stravit
329 1099 455 1164 humum,
467 1099 527 1152 sine
539 1097 617 1152 clade
628 1097 724 1160 vietor,

144 1219 172 1265 te
183 1210 288 1281 copias,
299 1216 325 1265 te
336 1207 483 1264 eonsilium
493 1215 520 1262 et
530 1215 591 1261 tuos

144 1284 296 1358 praebente
306 1283 396 1338 divos.
435 1284 504 1336 Nam
520 1282 580 1345 tibi,
594 1279 708 1352 quodie
813 1293 815 1298 ’

183 1368 281 1432 portus
294 1357 465 1412 Alexandrea
476 1357 596 1428 supplex

220 1441 248 1488 et
258 1450 373 1488 vacuam
383 1432 514 1506 patefecit
526 1432 628 1494 aulam,

147 1544 268 1599 Fortuna
279 1541 366 1597 lustro
377 1558 508 1614 prospera
519 1539 599 1596 tertio

147 1618 217 1674 belli
231 1616 368 1674 secundos
377 1616 500 1673 reddidit
510 1617 612 1679 exitus,

187 1692 355 1763 laudemque
365 1701 393 1747 et
404 1701 528 1763 optatum
542 1691 660 1763 peractis
768 1700 771 1705 ’
816 1706 819 1713 ’

223 1769 350 1840 imperiis
360 1767 446 1823 decus
460 1767 608 1839 arrogavit.
748 1765 750 1770 ’

145 1879 186 1933 Te
199 1876 335 1933 Cantaber
347 1892 400 1931 non
412 1885 473 1931 ante
484 1874 631 1931 domabilis

147 1952 303 2022 Medusque
316 1961 343 2007 et
352 1951 447 2015 Indus,
458 1961 484 2006 te
495 1950 630 2025 profugus
640 1948 756 2025 Scythes
815 1950 818 1955 '

187 2028 313 2091 miratur,
325 2026 435 2082 otutela
445 2043 575 2097 praesens

224 2101 319 2157 ltaliae
333 2100 515 2172 dominaeque
524 2102 635 2156 llomae.

147 2212 198 2274 Te,
211 2209 329 2265 fontium
339 2212 389 2283 qui
400 2211 470 2265 celat
479 2211 610 2284 origines,

148 2286 300 2357 Nilusque,
315 2295 342 2341 et
352 2287 429 2346 lster.
443 2294 470 2341 te
480 2285 595 2357 rapidus
609 2284 709 2359 Tigris,

187 2369 214 2415 te
225 2361 369 2415 belluosus
379 2361 429 2434 qui
439 2362 551 2416 remotis

226 2435 361 2507 obstrepit
370 2435 496 2491 Oceanus
506 2436 653 2498 Britannis¹

149 2554 178 2599 te
192 2561 246 2608 non
257 2547 385 2616 paventis
394 2544 489 2600 funera
503 2545 610 2601 Galliae

148 2619 293 2691 duraeque
304 2620 387 2675 tellus
398 2620 476 2675 audit
486 2620 606 2674 iberiae:

190 2704 216 2749 te
229 2694 314 2749 caede
324 2695 476 2768 gaudentes
487 2694 635 2768 Sygambri

228 2772 388 2843 compqsitis
399 2778 565 2825 venerantur
576 2770 670 2823 armis.

151 2846 285 2901 Hoaaama.
701 2840 712 2896 l
