2159 3150
291 301 309 342 t.
323 300 329 340 i
344 300 368 342 u.
392 299 412 342 t.
445 299 463 339 u
478 297 584 340 orsu.
624 297 669 341 vr.
826 292 879 346 att

116 399 264 470 Quidquid
279 399 414 452 subterra
428 408 478 454 est,
492 399 519 450 in
533 398 659 468 apricum
670 397 790 469 proferet
799 409 882 466 aem,

116 473 244 529 defodiet
258 472 413 544 condetque
427 474 550 526 nitentia.
581 471 672 537 Quum
687 473 864 530 benenatum
905 487 932 534 tt

116 551 244 622 perticus
255 551 397 621 Agrippae
411 558 438 602 et
450 549 493 602 via
506 557 532 602 te
546 549 723 619 conspexerit
733 548 816 621 Appl,

117 628 159 680 ire
174 636 267 680 tomen
280 633 374 686 restat,
389 625 479 678 Numa
490 640 547 694 quo
558 622 672 678 devenit
685 632 712 678 et
720 623 826 680 Ancus.

118 701 149 756 Si
163 700 237 756 latus
253 709 299 754 aot
312 717 394 754 renes
405 700 501 753 morbo
511 707 651 754 tentantur
662 708 751 764 scuto,

116 794 222 848 quaere
234 775 329 849 lugam
341 774 442 831 morbi.
475 774 523 829 Vis
533 785 607 829 reete
621 773 736 830 vivere?
744 805 783 818 ·-
792 777 858 848 quis

622 849 743 904 nonl-

115 929 142 982 si
156 928 248 981 virtus
260 925 312 980 hoc
323 942 377 979 una
389 932 478 996 petest
490 923 566 986 dare,
579 923 657 979 fortis
667 926 781 981 omissis
904 939 931 985 ro

115 1002 171 1058 hoc
182 1019 235 1074 age
246 1001 369 1056 deliciis.
400 1000 537 1058 Virtutem
550 1000 633 1055 verba
645 1010 737 1072 putas,
749 1011 781 1056 ut

115 1078 215 1134 lucum
226 1073 321 1150 lignei
340 1074 423 1139 Cave,
437 1093 471 1130 ue
483 1086 579 1147 portus
589 1087 707 1147 occupet
717 1077 796 1142 alter,

114 1171 151 1208 ne
163 1152 333 1226 Cibyratica,
346 1167 380 1206 ne
392 1150 510 1224 Bithyna
525 1151 635 1223 negotia
647 1152 762 1223 perdas;

114 1228 196 1284 mille
210 1228 313 1282 talenta
324 1225 518 1290 retundentur,
531 1226 645 1282 totidem
657 1227 752 1292 altera,
765 1246 846 1300 porro
855 1240 883 1285 et

113 1305 196 1360 tertia
208 1301 370 1366 succedant,
383 1311 410 1356 et
420 1318 492 1374 quaa
502 1319 567 1374 pars
577 1301 695 1374 quadret
706 1321 844 1359 acervum.
902 1316 929 1361 tt

115 1378 233 1435 Scilicet
244 1395 359 1434 uxorem
372 1395 435 1432 cum
445 1377 519 1441 dote,
532 1377 672 1450 fidemque
684 1388 710 1434 et
721 1380 825 1435 amicos

113 1465 143 1511 et
153 1472 245 1530 genus
256 1464 283 1510 et
293 1453 409 1510 formam
421 1454 518 1526 regina
528 1455 648 1525 pecunie
659 1453 752 1518 donat,

114 1549 149 1588 nc
159 1531 231 1587 bene
243 1539 417 1587 nummatum
429 1528 540 1585 decorat
551 1527 672 1585 Suadela
684 1531 844 1603 Venusque.

114 1607 266 1679 Mancipiis
277 1605 401 1678 locuples
411 1614 473 1678 eget
484 1607 557 1660 aeris
567 1605 763 1679 Crppadocum
779 1624 838 1662 rex.

114 1685 157 1739 Ne
173 1682 261 1738 lucris
272 1681 370 1737 hictu.
403 1680 572 1755 Chlamydes
583 1682 728 1747 Lucullus,
743 1691 774 1737 ut
784 1684 873 1748 aiunt,
901 1690 929 1737 lt

113 1760 140 1814 si
152 1766 249 1831 posset
257 1765 369 1813 centum
380 1772 479 1811 scenae
492 1757 626 1829 praebere
641 1767 763 1832 rogatus,

112 1837 179 1905 »qul
197 1850 311 1905 possum
330 1830 404 1887 toti«
425 1834 478 1887 ait:
502 1840 609 1887 »tamen
629 1842 657 1887 et
674 1850 820 1904 quaeram,
845 1842 872 1889 et

617 1918 686 1978 quot
697 1908 805 1964 habebo

111 1985 267 2051 »mittamq
281 1992 342 2054 post
353 1982 449 2054 paullo
458 1983 566 2047 scribit,
578 1983 634 2038 sibi
646 1984 735 2038 millia
746 1986 872 2056 quinque

111 2056 463 2131 essedomichlamydurn;
475 2068 582 2129 partem
595 2058 640 2114 vel
651 2059 872 2116 tolleretomnes.

110 2134 206 2191 Exilis
220 2133 321 2189 domus
331 2142 382 2197 est,
395 2133 444 2188 ubi
456 2151 508 2188 non
522 2133 645 2189 etmulti
655 2144 807 2207 supersunt
900 2142 926 2190 lt

111 2219 142 2266 et
152 2210 299 2266 dominum
312 2208 413 2264 lallunt
423 2218 450 2263 et
460 2218 577 2280 prosunt
590 2208 712 2266 loribus.
743 2212 816 2285 Ergo

110 2287 138 2341 si
152 2303 196 2341 res
207 2285 266 2341 sola
277 2294 369 2357 potest
380 2283 470 2339 lacere
481 2295 508 2340 et
517 2301 630 2339 servare
641 2286 764 2350 beatum,

111 2361 167 2416 hoc
177 2361 287 2433 primus
298 2370 407 2433 repetas
416 2376 498 2432 opus,
518 2359 570 2415 boc
580 2371 738 2432 postremus
747 2363 870 2419 omittas.

110 2435 144 2491 Si
159 2436 331 2493 fortunatum
344 2436 454 2508 species
465 2446 491 2491 et
502 2437 592 2509 gratia
602 2447 732 2508 praestat,

110 2528 271 2567 mercemur
280 2512 465 2582 aervum,qui
475 2510 562 2567 dictet
572 2513 695 2577 nomina,
713 2513 823 2569 laevum
901 2526 927 2570 5⁰

109 2588 162 2659 qui
174 2585 278 2642 fodicet
290 2587 362 2641 latus
376 2596 403 2641 et
413 2596 494 2661 cogat
506 2597 583 2643 trans
591 2586 716 2659 pondera
727 2589 854 2644 dextram

109 2663 267 2737 porrigere.
293 2663 358 2717 »llic
370 2662 489 2717 multum
499 2662 528 2718 iu
539 2662 627 2719 Fabia
639 2663 723 2729 valet,
735 2664 784 2720 ille
794 2663 872 2720 Veli-

617 2756 667 2806 na;

107 2782 170 2869 »cui
184 2812 254 2869 libet
266 2814 291 2867 is
303 2812 392 2867 fasces
403 2812 496 2877 dabit,
511 2812 668 2886 eripietque
678 2813 776 2869 curule
