2159 3150
238 303 288 355 218
479 308 742 354 ΒΑΤΙΒΑΒΠΜ

238 408 324 470 finiet,
337 418 398 463 aute
410 424 523 481 gravem
533 426 605 479 quae
618 409 715 480 legerit
725 409 822 464 arbore
834 411 934 465 solean.

235 484 363 539 Aufidius
377 483 440 538 forti
451 485 586 539 miscebat
596 484 677 539 melia
691 485 814 549 Falerno,

144 568 148 575 '
179 570 205 615 25
235 558 376 619 mendose.
389 561 520 630 quoniam
530 561 628 615 vacuis
638 562 808 616 committere
819 560 900 615 venis

236 636 276 691 nil
288 636 343 689 nisi
354 636 415 690 lene
426 636 520 690 decet:
545 636 600 691 leni
612 636 771 709 praecordia
787 637 877 691 mutso

235 711 372 784 prolueris
383 710 494 765 meiius.
523 710 553 765 Si
568 711 637 765 dura
653 712 804 766 morabitur
815 711 906 775 alvus,

233 787 350 843 mitulus
360 797 387 841 et
397 787 468 841 viles
481 787 587 859 pellent
596 788 733 842 obstantia
746 788 867 843 conchae

234 873 262 919 et
271 862 376 934 lapathi
386 862 480 917 brevis
489 862 587 926 herba,
598 862 649 919 sed
660 862 724 919 albo
734 879 788 918 non
801 864 862 917 sine
874 862 941 919 Coo.

177 948 203 992 tu
233 938 352 993 Lubrica
366 948 510 993 nascentes
521 939 640 1011 implent
649 938 794 1012 conchylia
806 938 903 1004 lunae;

233 1013 282 1068 sed
294 1030 348 1068 non
358 1029 439 1068 omne
450 1030 524 1069 mare
534 1024 576 1069 est
586 1031 735 1087 generosae
744 1013 835 1069 fertile
844 1022 942 1069 testae.

169 1097 173 1106 '
232 1090 337 1146 Murice
348 1089 448 1144 Baiano
457 1090 557 1146 melior
565 1091 684 1145 Lucrina
695 1089 807 1161 peioris,

231 1174 319 1221 ostrea
330 1164 455 1229 Circeiis,
470 1166 577 1222 Miseno
586 1168 713 1221 oriuntur
722 1164 829 1231 ecbiui;

231 1240 390 1313 pectinibus
401 1241 503 1313 patulis
517 1245 639 1297 iactatae
651 1241 733 1297 molta
744 1242 903 1297 Tarentum.

175 1326 202 1371 tt
231 1318 289 1372 Nec
298 1316 354 1371 sibi
365 1334 513 1373 menarum
526 1319 623 1389 quivis
636 1327 738 1373 temere
748 1325 856 1390 arroget
867 1326 968 1383 arum,

231 1409 285 1448 nnn
295 1394 374 1465 prius
384 1404 479 1449 exacta
490 1394 568 1449 tenni
578 1394 683 1448 ratione
692 1409 834 1464 saporum.

231 1470 288 1523 Nec
301 1470 368 1523 satis
382 1480 424 1524 est
434 1485 495 1525 cara
509 1469 602 1541 pisces
615 1485 741 1524 averrere
751 1485 845 1523 mensa

230 1544 370 1618 ignarum,
382 1544 486 1616 quibus
496 1554 538 1601 est
550 1546 594 1600 ius
604 1545 698 1616 aptius
706 1554 734 1600 et
743 1543 848 1616 quibus
860 1544 932 1600 assis

232 1620 383 1694 languidus
394 1623 423 1676 in
437 1621 564 1676 cubitum
574 1622 629 1676 iam
639 1638 671 1676 se
680 1621 798 1676 conviva
808 1629 933 1692 reponet.

174 1701 200 1750 tu
230 1695 332 1752 Umber
342 1706 369 1752 et
379 1697 466 1772 iligna
477 1697 599 1753 nutritus
608 1696 710 1770 glande
719 1695 851 1752 rotundas

231 1781 327 1827 curvet
338 1789 404 1844 aper
414 1771 506 1828 lauces
517 1789 628 1828 carnem
639 1771 753 1827 vitantis
764 1772 895 1828 inertem:

230 1865 293 1902 nam
299 1849 422 1905 Laurens
429 1848 518 1904 maius
529 1856 580 1912 est,
588 1848 663 1904 ulvis
668 1856 696 1904 et
705 1846 842 1902 arundine
851 1847 981 1921 pinguis.

230 1925 316 1979 Vinea
327 1924 466 1980 submittit
479 1940 593 1995 capreas
603 1941 657 1978 nnn
668 1939 778 1994 semper
788 1922 897 1978 edutos.

231 2000 375 2056 Fecundas
386 2000 488 2071 leporis
502 2000 615 2071 sapiens
623 1999 775 2056 sectabitur
784 2015 885 2054 armos.

173 2080 199 2129 is
229 2075 357 2131 Piscibus
368 2085 451 2147 atque
463 2075 565 2132 avibus
574 2093 646 2147 quae
657 2084 753 2130 natura
763 2085 791 2130 et
800 2073 870 2130 foret
879 2083 968 2140 aetas,

229 2159 291 2207 ante
302 2167 395 2206 meum
406 2151 478 2207 nulli
489 2153 580 2223 patuit
589 2151 715 2222 quaesita
725 2151 860 2221 palatum.

229 2226 309 2294 Sunt,
331 2243 449 2298 quorum
471 2227 617 2300 ingenium
637 2243 707 2282 nova
728 2235 835 2281 tantum
854 2226 983 2282 crustula

334 2347 337 2352 .
669 2302 781 2374 promit.

229 2377 411 2449 Nequaquam
425 2377 493 2433 satis
503 2376 533 2433 iu
543 2394 573 2432 re
584 2394 638 2432 una
647 2393 810 2432 consumere
819 2393 927 2443 curam,

229 2461 260 2507 ut
269 2454 294 2506 si
305 2456 370 2524 quis
380 2453 471 2508 solum
482 2452 545 2516 hoc,
557 2453 628 2508 mala
640 2469 675 2508 ne
687 2453 744 2510 sint
755 2452 830 2515 vina,
842 2451 961 2516 laboret.

174 2537 200 2581 sn
229 2527 307 2598 quali
316 2528 465 2599 perfundat
475 2529 567 2600 pisces
576 2545 693 2584 securus
702 2526 788 2584 cliro.

231 2603 347 2657 Massica
358 2605 383 2658 ai
393 2605 470 2660 coslo
480 2620 621 2675 suppones
631 2605 698 2659 rina
706 2621 814 2667 serene.

229 2686 372 2742 nocturna,
385 2678 491 2750 siquid
503 2681 651 2744 crassiest
664 2678 824 2735 tenuabitur
833 2695 913 2741 aura,

232 2761 259 2807 et
268 2751 383 2810 decedet
396 2754 463 2810 odor
473 2757 567 2810 nervia
579 2755 724 2820 inimicus;
735 2764 763 2810 at
773 2753 821 2809 iila

231 2831 369 2900 integrum
381 2829 500 2900 perdunt
511 2829 568 2886 lino
579 2832 673 2886 vitiata
683 2847 820 2902 saporem.
