2159 3150
236 289 282 341 uu
508 267 688 338 pronun

308 392 397 448 »dulci
408 409 504 463 sopore
517 392 673 466 languidae.

272 485 390 530 »senem
402 467 476 538 quod
486 485 582 522 omnes
593 468 709 532 rideant,
726 469 882 525 adulterum

307 543 421 598 »latrent
431 542 592 598 Suburanae
604 561 695 606 canes,

272 618 371 673 »nardo
382 626 555 689 perunctum,
566 619 648 690 quale
658 636 711 673 non
723 618 872 690 perfectius

307 710 397 747 »meae
408 692 557 748 laborarint
566 709 675 748 manus.
686 723 723 735 -

271 767 358 835 »Quid
368 766 486 822 accidit?
504 784 554 822 cur
564 767 625 822 dira
637 768 767 825 barbarae
779 771 871 825 minus

307 859 425 897 »venena
436 842 547 898 Medeae
557 841 658 905 valent,

269 918 385 989 »quibus
396 917 543 989 superbam
556 916 628 991 fugit
641 920 697 974 ulta
708 919 846 990 pellicem,

309 992 416 1066 »magni
427 991 551 1048 Creontis
562 991 657 1057 filiam,

269 1085 370 1139 »quum
380 1067 462 1138 palla¹
475 1066 539 1122 tabo
549 1083 650 1122 munus
661 1068 808 1132 imbutum,
821 1085 924 1125 novam

308 1142 450 1198 »incendio
461 1151 575 1214 nuptam
585 1142 718 1198 abstulit?

270 1218 367 1290 »Atqui
379 1235 429 1272 neo
441 1217 524 1272 herba
535 1234 586 1272 nee
597 1217 683 1274 latens
694 1219 722 1272 in
734 1218 838 1289 asperis

306 1293 401 1348 »radix
411 1292 509 1348 ieiellit
518 1310 563 1348 me
574 1291 651 1348 locis.

271 1368 417 1424 »ludormit
427 1369 517 1423 unctis
528 1369 652 1422 omnium
663 1367 804 1423 cubilibus

308 1441 614 1514 mblivionepaliicum.
628 1473 666 1484 —

270 1518 326 1573 »Ab
337 1519 381 1582 ab,
394 1519 500 1572 solutus
511 1518 634 1573 ambulat
645 1517 782 1574 veneficae

309 1595 478 1649 »scientioris
487 1594 619 1649 carmine.

271 1670 343 1723 »Non
356 1669 473 1731 usitatis,
487 1669 565 1731 vare,
579 1667 737 1739 potionibus

307 1742 346 1815 ι(ο
358 1744 443 1797 multa
454 1741 581 1798 fleturum
591 1742 703 1815 caputl)

270 1817 304 1873 ad
314 1835 357 1872 ma
368 1836 505 1881 recurres,
517 1835 568 1872 nec
579 1827 672 1872 vocata
684 1833 761 1871 mens
772 1826 816 1871 tue

307 1894 417 1948 »Marsis
427 1892 529 1948 redibit
543 1892 668 1947 vocibus.

271 1968 373 2023 »Maius
386 1968 497 2039 parabo,
509 1969 600 2022 maius
611 1965 754 2021 infundam
765 1965 816 2021 tibi

308 2041 473 2098 »fastidienti
483 2042 563 2113 poeul
568 2059 626 2097 um:

270 2118 417 2189 »priusque
427 2119 534 2172 eoelum
544 2116 617 2173 sidet
626 2115 743 2172 iuferius
757 2116 824 2170 muri

307 2193 418 2247 »tellure
431 2201 554 2264 porrecta
563 2208 656 2263 super,

269 2284 366 2339 »quam
377 2284 430 2322 non
442 2284 533 2322 amore
543 2268 584 2323 sic
595 2283 656 2322 meu
666 2263 774 2339 flagres,
787 2266 826 2319 uti

307 2340 445 2397 »bitumen
458 2343 524 2397 atris
534 2341 675 2414 ignibus«

271 2416 331 2472 Sub
340 2416 408 2472 baec
416 2433 494 2488 puer,
506 2417 561 2470 iam
572 2433 635 2479 uon,
649 2423 680 2469 ut
690 2422 760 2476 ante,
773 2412 905 2467 mollibus

309 2491 395 2546 lenire
405 2491 498 2547 verbis
509 2491 620 2561 impiae,

268 2565 318 2619 sed
329 2565 432 2619 dubius
442 2565 515 2619 unde
527 2573 667 2637 rumperet
676 2563 828 2619 silentium.

311 2641 387 2693 misit
399 2639 548 2712 Thyesteas
558 2656 665 2710 preces:

274 2713 397 2766 »Venena
407 2730 537 2785 magnum
549 2712 729 2783 insuetusque
742 2728 794 2765 non
807 2702 898 2763 valent

311 2796 483 2841 »convertere
493 2787 640 2843 humanam
654 2787 752 2840 vicem.
