2159 3150
275 328 644 374 hlss.t.131³1sT.xv.
790 322 839 376 26l

81 431 116 485 ad
128 448 206 485 mere
216 447 304 501 quum
316 431 391 493 veni,
403 445 568 502 generosum
579 438 606 483 et
617 428 678 482 lene
688 429 810 499 requiro,

80 505 159 578 quod
170 523 252 560 curas
263 505 367 578 abigat,
383 504 458 575 quod
469 521 534 558 cum
544 521 594 574 spe
604 503 692 558 divite
704 514 796 560 manet

82 585 110 635 in
124 599 211 636 venas
223 582 405 651 animumque
416 597 520 641 meum,
532 579 854 651 qttodverbaminietret‚
870 593 898 636 to

80 657 160 728 qrtod
171 674 216 711 me
227 658 355 712 Lucanae
366 657 498 710 iuvenem
509 655 685 710 commendet
697 656 812 711 amicae.
826 688 866 701 -

82 735 200 788 Tractus
214 741 275 787 uter
285 731 380 804 plures
392 731 510 803 lepores,
525 738 587 785 uter
597 729 697 786 educet
707 748 797 803 apros,

81 819 144 863 utra
157 809 247 882 magis
258 809 350 880 pisces
361 815 389 863 et
399 808 513 862 echinos
524 823 643 878 aequora
655 807 754 872 celent,

83 885 201 958 pinguis
212 892 243 939 ut
253 883 319 938 inde
331 876 445 938 (lonium
454 883 561 955 possim
572 882 739 955 Phaeaxque
750 886 863 950 reverti.
961 905 964 909 ·

81 960 208 1015 scrihere
217 968 244 1015 te
254 960 346 1022 uobis,
360 958 412 1014 tihi
424 976 474 1014 nos
486 957 632 1012 accredere
642 974 694 1030 par
704 967 756 1014 est.
870 970 898 1015 25

81 1037 221 1100 Maenius,
239 1045 270 1090 ut
286 1035 371 1092 rebus
382 1036 515 1090 maternis
529 1042 612 1105 atque
622 1034 747 1106 paternis

82 1113 192 1168 fortiter
203 1111 341 1166 absumtis
354 1110 479 1166 urbanus
491 1111 584 1182 coepit
594 1109 702 1174 haberi,

81 1203 179 1243 scurra
191 1205 289 1260 vagus,
301 1204 355 1242 non
367 1188 416 1258 qui
427 1194 533 1242 certum
544 1202 679 1258 praesepe
688 1194 804 1252 teneret,

81 1267 244 1336 impransus
256 1280 311 1318 non
321 1263 371 1334 qui
382 1263 475 1317 civem
485 1260 661 1334 dignosceret
675 1261 763 1326 hoste,

80 1338 227 1412 quaelibet
238 1338 267 1394 in
278 1339 409 1411 quemvis
419 1337 568 1409 opprobria
581 1336 685 1410 lingere
696 1352 810 1402 saevus,
871 1348 897 1393 et

81 1414 224 1487 pernicies
233 1423 263 1468 et
271 1421 421 1486 tempestas
432 1412 651 1484 barathrumque
662 1412 784 1480 macelli,

82 1489 226 1563 quidquid
236 1490 404 1561 quaesierat,
417 1490 509 1544 ventri
520 1487 642 1543 donabat
651 1505 745 1544 avaro.

81 1567 144 1631 llic,
158 1566 209 1623 uhi
224 1567 366 1638 nequitiae
378 1563 533 1621 fautoribus
545 1573 573 1620 st
582 1563 690 1620 timidis
701 1564 741 1620 nil

83 1651 132 1698 aut
142 1641 270 1715 paullum
281 1642 442 1706 abstulerat,
455 1640 565 1713 patinas
576 1640 711 1697 coenabat
718 1642 808 1696 omasi

83 1718 329 1791 vilisetagninae‚
347 1717 437 1773 tribus
448 1717 522 1771 ursis
532 1716 610 1787 quod
620 1718 688 1771 satis
698 1726 786 1785 esset;
871 1728 899 1771 aa

82 1794 194 1851 scilicet
203 1803 234 1849 ut
245 1803 356 1849 ventres
370 1793 460 1849 lamna
475 1791 612 1848 candente
622 1801 754 1863 nepotum

82 1870 191 1926 diceret
201 1869 323 1925 urendos
333 1877 469 1925 corrector
479 1868 599 1923 Bestius.
630 1867 707 1922 ldem

82 1945 226 2020 quidquid
237 1954 295 2001 erat
306 1953 403 2000 nactus
413 1943 533 2017 praedae
544 1943 667 2007 maioris,
684 1942 732 1997 ubi
742 1959 825 1997 omne

82 2030 205 2079 verterat
218 2022 248 2076 in
260 2020 368 2078 sumum
380 2021 555 2083 etcinerem,
569 2020 643 2074 »Non
658 2018 772 2073 hercule
787 2019 843 2073 mi·

586 2112 648 2148 ror«

83 2172 186 2237 aiebat,
199 2174 300 2244 »siqui
311 2170 461 2227 comedunt
471 2170 554 2234 hona,
565 2187 654 2240 quum
665 2171 702 2224 sit
711 2170 797 2225 obeso
871 2175 899 2222 to

83 2250 138 2304 »nil
150 2248 254 2303 melius
265 2248 357 2309 turdo.
370 2246 409 2303 nil
421 2246 506 2301 vulva
519 2246 665 2318 pulchrius
676 2246 795 2317 ampla«

82 2326 225 2380 Nimirum
237 2323 284 2379 hic
294 2340 346 2397 ego
356 2340 433 2391 sum;
447 2340 512 2380 nam
523 2331 582 2376 tuta
592 2332 619 2377 et
629 2322 746 2394 parvula
758 2320 854 2383 laudo,

81 2418 172 2472 quum
184 2417 229 2455 res
240 2398 385 2462 deliciunt,
396 2398 464 2453 satis
478 2398 551 2453 inter
560 2398 629 2453 vilia
640 2397 730 2453 fortis.

81 2476 189 2531 Verum
199 2475 249 2531 uhi
258 2474 330 2546 quid
340 2473 443 2535 melius
453 2474 591 2547 contingit
601 2482 629 2529 et
639 2473 763 2535 unctius.
774 2471 850 2527 idem

81 2570 133 2607 vos
144 2568 244 2624 sapere
255 2559 282 2607 et
292 2551 366 2606 solos
376 2551 420 2605 aio
430 2548 503 2605 bene
514 2550 621 2612 vivere,
635 2565 755 2621 quorum
871 2552 900 2601 te

81 2629 259 2701 conspicitur
270 2624 369 2683 nitidis
382 2624 494 2682 lundata
506 2625 626 2696 pecunia
636 2625 716 2680 villis
