2159 3150
288 332 369 377 LlB.
389 333 425 377 11.
454 332 612 379 SAT.V1.
802 330 852 382 ’227

1 494 2 499 1
92 450 168 487 exre
181 431 310 487 fabellas.
342 431 371 487 Si
383 432 448 503 quis
460 450 523 487 nam
535 433 629 487 iaudat
642 434 728 489 Arelli

92 508 230 563 sollicitas
241 510 356 581 ignarus
366 525 444 579 opes,
457 510 499 563 sie
509 509 624 580 incipit:
646 509 733 565 »Olim

91 585 230 639 »rusticus
241 583 380 638 urbanum
391 600 498 638 murem
511 602 574 639 mus
584 601 707 655 paupere
718 585 804 641 iertur
881 599 907 641 tt

91 660 250 731 »accepisse
261 675 339 723 cavo,
353 666 474 714 veterem
485 668 566 715 vetus
576 661 678 731 hospes
689 663 820 725 amicum,

91 752 189 807 »asper
200 744 227 789 et
237 743 357 789 attentus
369 736 515 806 quaesitis
529 745 560 790 ut
571 744 661 789 tamen
676 745 764 790 ertum

91 811 229 865 »solveret
243 810 374 881 hospitiis
385 810 521 865 animum.
552 810 626 878 Quid
638 810 744 866 muita?
759 829 850 883 neque

596 886 646 941 ille

1 952 2 955 ’
90 960 224 1032 »sepositi
234 961 334 1015 ciceris
346 978 397 1015 nee
409 961 508 1033 longae
517 960 622 1017 invidit
633 978 747 1018 avenae.

1 1094 2 1101 χ
90 1036 218 1091 »aridum
230 1048 256 1091 et
267 1054 313 1090 ore
326 1036 417 1091 ferens
429 1038 539 1091 acinum
552 1054 716 1107 semesaque
727 1037 797 1092 lardi
881 1050 906 1091 85

90 1112 197 1167 »frusta
208 1111 296 1176 dedit,
309 1112 427 1184 cupiens
437 1114 514 1166 veria
526 1112 638 1168 fastidia
648 1129 734 1167 coena

1 1190 2 1193 ’
90 1190 221 1243 »vincere
232 1189 372 1259 tangentis
381 1187 455 1242 mele
465 1187 578 1260 singula
591 1188 674 1243 dente
684 1188 819 1259 superb0;

90 1282 195 1337 »quum
206 1274 285 1336 pater
296 1265 357 1334 ipse
367 1262 467 1317 domus
479 1264 558 1335 palea
569 1274 712 1335 porrectus
724 1265 752 1317 in
764 1264 849 1319 horna

1 1340 2 1357 ¹
90 1350 180 1395 »esset
192 1339 258 1394 ador
269 1340 435 1411 loliumque,
448 1338 529 1411 dapis
540 1340 655 1394 meliora
666 1340 839 1409 relinquens.

90 1415 231 1472 »Tandem
243 1415 367 1470 urbanus
378 1414 413 1470 ed
425 1414 514 1469 hunc:
528 1414 631 1481 »rQuid
645 1424 671 1469 te
685 1415 791 1470 iuvate«
806 1416 851 1470 in-

593 1490 665 1562 quit,
677 1492 804 1554 inimice,
881 1500 907 1543 tt

90 1568 266 1640 »rpraerupti
281 1566 402 1622 nemoris
414 1568 564 1639 patientem
578 1568 672 1622 vivere
682 1564 782 1622 dorso?

90 1640 860 1714 srvistuhominesurbemqueferispraeponeresiivis‘?

90 1717 852 1790 »rCerpeviam‚mihicrede,eomes‚terrestriequand0

90 1795 252 1850 mmortales
268 1797 375 1849 animas
387 1797 487 1850 vivunt
498 1794 604 1859 sortita,
623 1810 713 1865 neque
722 1795 780 1848 uile
791 1801 832 1846 est

90 1882 169 1926 »saut
180 1887 282 1943 magno
293 1880 340 1925 aut
350 1887 436 1942 parvo
448 1869 495 1925 leti
509 1869 590 1942 iuga:
603 1885 669 1941 quo,
677 1868 849 1933 honesimi,
881 1878 907 1921 ts

91 1947 191 2001 »idum
203 1946 277 2008 licet,
290 1946 319 2000 in
332 1945 416 1999 rebus
428 1945 560 2000 iucundis
572 1945 637 1999 vive
651 1943 759 2007 beatus,

90 2024 188 2076 »rvive
200 2037 315 2084 memor,
331 2038 415 2093 quem
427 2021 467 2076 sis
479 2022 540 2075 aevi
553 2021 648 2075 brevis
657 2021 664 2073 i
672 2040 699 2073 «α
718 2021 792 2075 Haec
802 2019 853 2074 ubi

597 2095 674 2151 dicte

91 2180 246 2246 »agrestem
256 2171 404 2244 pepulere„
416 2171 497 2226 domo
510 2171 581 2226 levis
595 2171 704 2237 exsilit3
725 2171 790 2226 inde

90 2248 190 2303 iambo
202 2249 375 2319 propositum
386 2256 524 2320 peragunt
534 2247 596 2311 iter,
608 2246 687 2302 urbis
700 2256 813 2301 aventes

90 2325 218 2380 »moenia
230 2324 359 2378 nocturni
368 2323 531 2394 subrepere.
562 2324 675 2394 lemque
687 2323 798 2377 tenebat
868 2334 908 2376 10⁰

90 2417 165 2456 »nox
175 2399 301 2454 medium
313 2398 384 2453 coeli
395 2401 528 2470 spatium,
545 2415 634 2469 quum
644 2401 723 2470 ponit
733 2408 850 2470 uterque

90 2479 136 2531 rin
150 2474 290 2547 locuplete
301 2473 384 2529 domo
393 2476 523 2547 vestigia,
536 2473 622 2529 rubro
632 2473 683 2528 ubi
694 2491 776 2528 coeco

89 2553 195 2608 »tincta
205 2568 291 2622 super
302 2550 387 2605 lectos
398 2549 528 2604 canderet
537 2550 625 2604 vestis
636 2549 767 2612 eburnos,

90 2627 254 2698 »multaque
265 2625 300 2681 de
311 2643 410 2700 magna
422 2635 600 2697 superessent
612 2625 715 2679 fercuta
726 2643 821 2688 coena,

89 2720 181 2776 »quae
192 2702 289 2773 procul
302 2702 451 2757 exstructis
463 2701 704 2755 ineranthesterna
711 2702 851 2754 canistris.
869 2712 908 2754 105

90 2781 183 2852 »Ergo
193 2778 244 2833 ubi
255 2795 397 2850 purpurea
409 2785 567 2849 porrectum
579 2776 608 2830 in
619 2785 696 2829 veste
710 2775 810 2829 locavit

91 2865 260 2930 agrestem,
278 2854 365 2909 veluti
377 2853 538 2908 succinet-us
549 2851 777 2977 cursitapipospes
