2159 3150
226 262 279 316 23l
467 269 737 315 sannanim

227 371 371 425 Invertunt
382 367 512 423 Allifanis
524 370 630 424 vinaria
643 377 698 424 tota

170 453 196 500 lo
225 444 358 501 Vibidius
372 444 545 515 Balatroque.
561 446 689 516 sequutis
699 445 845 511 omnibus;
863 447 914 501 imi

228 521 364 576 convivae
376 519 440 575 lecti
455 519 577 574 nihilum
588 537 707 575 nocuere
718 521 836 593 lagenis.

227 594 348 651 Affertur
361 595 479 666 squillas
494 597 566 651 inter
577 613 709 651 muraena
720 606 845 651 natantes

227 673 256 727 in
271 671 365 743 patina
380 680 516 743 porrecta.
551 670 611 726 Sub
625 671 678 727 hoc
694 672 791 727 herus:
814 674 905 727 »llaec
920 690 991 746 gra-

672 747 856 818 vidacinquit

226 832 320 893 »capta
335 831 385 885 est,
398 821 518 877 deterior
528 832 591 893 post
601 831 710 893 partum
721 840 803 877 earne
815 822 918 878 lutura.

170 906 197 953 ln
226 900 289 953 alhs
300 899 418 952 mixtum
431 915 474 951 rus
486 905 542 952 est
558 898 629 960 oleo,
646 898 721 969 quod
731 916 822 969 prima
833 899 947 954 Venafri

229 973 345 1046 »pressit
356 973 440 1040 cella3
461 990 527 1047 garo
541 972 577 1028 de
587 974 679 1027 succis
691 974 778 1045 piscis
788 973 876 1042 Iberi,

227 1050 308 1103 »vino
318 1049 505 1137 quinquenni,
518 1066 616 1103 verum
628 1050 696 1104 eitra
709 1066 783 1104 mare
794 1060 867 1113 nato,

229 1125 311 1180 ndum
322 1125 452 1197 coquitur
461 1134 582 1179 -cocto
591 1124 884 1187 Chiumsicconvenit
892 1134 988 1180 utnon

227 1201 294 1257 »hoc
305 1200 395 1273 magis
408 1199 497 1255 ullum
509 1199 588 1255 aliud
597 1218 649 1266 -3
662 1201 758 1271 pipere
770 1201 843 1263 albo,
856 1218 912 1256 non
923 1202 989 1255 sine

675 1288 762 1338 aceto,

173 1363 199 1407 5⁰
229 1350 320 1423 »quod
334 1351 555 1423 Methymnaeam
568 1350 636 1406 vitio
649 1353 798 1406 mutaverit
806 1368 902 1405 uvam.

228 1428 347 1482 »Erueas
358 1426 474 1490 virides,
495 1427 588 1481 inulas
599 1443 651 1499 ego
665 1429 772 1497 primus
785 1443 892 1482 amaras

230 1503 396 1557 »monstravi
407 1502 571 1573 incoquere;
589 1501 684 1557 illutus
694 1502 828 1557 Curtillus
838 1502 969 1565 echinos,

231 1588 277 1634 rut
288 1578 389 1634 melius
399 1578 499 1643 muria,
510 1595 595 1650 quam
606 1585 674 1632 testa
687 1580 791 1632 marina
805 1579 949 1634 remittit.«

228 1656 335 1710 lnterea
345 1671 481 1725 suspensa
491 1671 592 1726 graves
604 1653 700 1708 aulaea
710 1656 805 1709 ruinas

174 1743 200 1785 55
230 1731 259 1785 in
271 1731 394 1802 patinam
406 1728 505 1792 fecere,
519 1730 654 1784 trahentia
666 1730 792 1800 pulveris
808 1730 869 1792 atri,

232 1813 368 1876 quantum
379 1822 433 1860 non
443 1804 547 1877 Aquilo
558 1805 707 1877 Campanis
716 1807 820 1861 excitat
829 1805 916 1877 agris.

232 1883 288 1935 Nos
299 1881 390 1935 maius
400 1881 491 1944 veriti,
504 1891 651 1952 postquam
663 1881 734 1936 nihil
746 1898 807 1936 esse
816 1879 915 1952 pericli

231 1956 381 2020 sensimus,
395 1957 543 2028 erigimur,
564 1955 662 2018 Rulus,
675 1957 764 2027 posito
774 1957 874 2027 capite,
887 1965 918 2009 ut
928 1957 955 2009 si

232 2032 307 2087 lilius
318 2031 483 2086 immaturus
494 2031 614 2095 obisset,
631 2031 706 2086 llere.
734 2031 804 2098 Quis
814 2040 888 2086 esset

176 2119 202 2161 aa
232 2107 306 2172 finis,
323 2108 352 2162 ni
363 2109 477 2178 sapiens
488 2108 529 2161 sic
540 2109 729 2163 Nomentanus
741 2107 861 2161 amicum

233 2183 356 2238 tolleret:
377 2183 460 2247 allen,
474 2183 603 2246 Fortuna,
618 2185 683 2253 quis
694 2191 736 2237 est
746 2182 886 2236 crudelior
897 2181 926 2234 in
938 2199 991 2236 nos

234 2270 274 2314 rte
285 2255 374 2313 deus?
394 2259 428 2313 Ut
438 2274 550 2329 semper
559 2257 666 2330 gaudes
678 2257 797 2312 illudere
808 2257 892 2312 rebus

232 2333 413 2389 »humanislu
433 2333 533 2388 Varius
543 2351 644 2405 mappa
655 2350 830 2405 compescere
840 2333 931 2387 risum

232 2412 282 2466 vix
292 2417 408 2481 poterat.
437 2409 554 2471 Balatro,
566 2409 742 2480 suspendens
751 2410 843 2463 omnia
855 2425 934 2468 naso.

178 2497 204 2540 65
234 2487 321 2540 »llaec
331 2492 372 2539 est
381 2483 504 2539 conditio
514 2485 645 2539 vivendi«
660 2484 760 2547 aiebat,
778 2501 880 2555 reoque

236 2576 417 2631 »responsura
430 2571 476 2615 tuo
488 2575 639 2630 ntrmquam
650 2569 693 2616 est
706 2577 755 2632 par
766 2560 837 2621 lama
850 2558 953 2613 labori.

236 2637 334 2697 »Tene
348 2643 377 2688 ut
388 2650 438 2706 ego
450 2635 572 2705 accipiar
584 2635 666 2696 laute,
684 2637 838 2706 torquerier
847 2635 924 2689 omni

236 2709 440 2764 »sollicitudine
455 2709 623 2768 districtum.
641 2729 674 2764 ne
686 2712 767 2782 panis
777 2711 906 2773 adustus,

238 2802 286 2838 »ne
297 2783 368 2837 male
380 2783 521 2839 conditum
534 2788 578 2838 ius
589 2796 754 2858 apponatur,
768 2795 797 2840 ul
806 2803 904 2841 omnes

1074 2732 1076 2765 l

1074 2802 1076 2827 l

1074 2834 1076 2852 l
