2159 3150
224 314 271 367 ⁴82
460 319 724 365 snrrnanun

221 437 284 475 narn
298 418 398 474 Canusi
412 420 566 491 lapidosum
584 436 672 491 aquae
683 438 736 475 non
747 421 831 475 ditior
842 438 910 475 urna

222 497 271 568 qui
279 494 360 550 iocus
372 514 386 550 a
397 495 458 549 lorti
471 495 600 549 Diomede
612 506 653 549 est
662 495 790 551 conditus
803 496 882 551 olim.

158 630 161 635 ,
223 571 367 627 Flentibus
379 571 528 625 hicVarius
539 571 658 625 discedit
669 582 790 626 moestus
802 574 910 627 amicis.

224 647 291 702 inde
302 646 394 701 Rubos
405 646 470 701 fessi
483 648 675 717 pervenimus,
692 656 783 718 utpote
799 647 911 721 longum

166 734 193 778 00
223 732 366 793 carpentes
379 724 430 776 iter
440 731 466 776 et
479 723 580 777 lactum
590 725 747 793 corruptius
757 723 851 777 imbri.

225 800 333 853 Postera
345 808 491 869 tempestas
504 799 609 859 melior.
623 800 665 851 via
678 798 754 870 peior
765 797 798 853 ad
811 816 900 870 usque

224 875 285 929 Bari
300 875 406 928 moenia
418 876 533 945 piscosi3
548 873 650 928 dehinc
660 874 758 929 Gnatia
771 874 894 947 lymphis

225 950 302 1005 iratis
313 958 449 1003 exstructa
464 949 542 1003 dedit
553 952 680 1020 risusque
692 951 830 1019 iocosque,

225 1025 306 1088 dum,
324 1022 432 1079 llamma
443 1027 503 1079 sine
519 1025 598 1079 thura
612 1023 764 1095 liquescere
774 1026 870 1080 limine
881 1042 973 1087 sacro,

107 1134 110 1143 ·
168 1112 208 1156 tut
221 1100 388 1174 persuadere
399 1102 485 1172 cupit.
515 1100 614 1155 Credat
624 1100 741 1155 iudaeus
751 1101 859 1172 Apella,

223 1175 971 1249 nonegomaiuquedeosdidicisecurumagereaevuru,

227 1269 286 1315 nec,
298 1253 322 1311 si
333 1252 402 1323 quid
414 1253 476 1306 miri
489 1251 571 1306 iaciat
582 1264 686 1313 natura,
700 1251 765 1306 deos
779 1251 808 1306 id

226 1328 317 1382 tristes
328 1345 361 1381 ex
376 1328 430 1381 alto
441 1328 509 1383 coeli
522 1328 666 1381 demittere
680 1338 760 1381 tecto.

223 1402 401 1457 Brundisium
413 1404 510 1476 longae
525 1403 589 1457 linis
604 1403 769 1473 chartaeque
783 1405 901 1475 uiaeque
916 1413 971 1458 est.

453 1607 651 1668 surrun
693 1607 742 1667 vi.
785 1587 788 1590 ’

222 1863 252 1898 De
262 1872 310 1898 rm
319 1863 422 1897 nobilitate
432 1865 473 1906 agit
482 1865 545 1906 deque
555 1874 576 1898 rs
585 1864 629 1906 lpse
638 1868 659 1899 et
667 1864 784 1898 educatione
794 1872 835 1906 sne,
844 1873 902 1906 qum
912 1867 972 1907 peter

374 1928 489 1970 instituerit,
499 1937 523 1962 so
532 1929 557 1962 de
566 1929 619 1962 ritae
629 1928 734 1962 mediocris
743 1936 818 1961 amora.

223 1997 304 2071 Non,
317 2010 396 2080 quia.
414 2011 569 2072 Maecenas,
587 2009 724 2082 Lydorum
736 2007 875 2080 quidquid
886 2009 972 2064 Etru·

663 2101 725 2139 scos

225 2160 341 2214 incoluit
353 2158 429 2221 unes,
443 2177 522 2213 nenio
531 2162 690 2231 generosior
700 2168 741 2215 est
751 2167 787 2222 te,

225 2252 285 2298 nec,
298 2234 370 2306 quod
378 2253 446 2289 avus
456 2236 507 2289 tibi
519 2246 658 2289 maternus
670 2234 724 2289 luit
734 2244 816 2305 atque
828 2246 970 2307 paternus,

223 2310 289 2364 olim
302 2312 350 2382 qui
363 2311 470 2383 magnis
482 2311 642 2383 regionibus
653 2311 845 2382 imperitarint‚

169 2397 181 2440 0
223 2395 253 2441 ut
263 2386 389 2457 plerique
402 2385 500 2449 solent,
512 2403 578 2440 naso
588 2384 737 2457 suspendis
750 2384 857 2440 adunco

226 2461 342 2533 ignotos
360 2470 389 2516 ut
401 2479 443 2515 me
456 2461 585 2516 libertino
595 2472 672 2533 patre
683 2470 788 2516 natum.
828 2463 832 2472 ’

226 2535 317 2601 Quum
328 2535 428 2590 reierre
441 2554 533 2609 negas,
550 2538 626 2607 quali
637 2538 673 2591 sit
683 2537 803 2608 quisque
814 2546 927 2607 parente

227 2621 316 2670 uatus.
328 2611 394 2664 dum
406 2612 557 2683 ingenuus3
571 2611 721 2682 persuades
732 2612 783 2666 boc
793 2611 844 2666 tibi
856 2629 931 2676 vere,

227 2695 288 2738 ante
300 2695 459 2755 potestatem
471 2687 544 2740 Tulll
555 2696 636 2758 atque
647 2687 770 2760 ignobile
780 2704 895 2759 regnum

170 2771 196 2812 00
225 2761 325 2814 multos
339 2778 420 2830 saepe
434 2762 506 2816 viros
517 2760 602 2816 nullis
613 2763 764 2817 maioribus
774 2773 846 2816 ortos

227 2844 254 2888 et
264 2835 368 2887 vixisse
380 2836 487 2904 probos.
504 2837 604 2904 amplis
615 2847 641 2890 et
655 2837 806 2892 honoribus
817 2847 926 2899 auctos;
