2159 3150
223 277 275 336 246
426 285 755 330 uulsuuunuuu

415 514 440 574 E
455 515 475 573 P
490 516 500 574 1
515 515 536 576 S
551 517 573 575 T
588 516 613 576 0
628 514 687 576 LA
732 516 779 576 Vl.

479 634 522 672 nn
545 633 720 674 uuuiciuu.

220 855 321 894 sumu
334 867 378 894 cue
391 859 413 894 tu
427 859 564 903 philosophie,
578 859 668 893 utnulla
682 868 706 894 ra
722 867 842 902 manopera
860 868 979 892 moveamur

258 917 389 970 (danocfia'av)
408 924 443 957 ent
461 923 514 958 tusto
528 924 620 967 cupidius
632 923 670 958 iaec
684 923 718 958 vel
731 923 903 964 illucescentem
922 923 977 964 qnod

256 989 386 1031 pmuptun
393 987 427 1028 qut
437 987 494 1028 aequi
501 996 542 1021 non
551 988 630 1030 poulnt
639 986 748 1030 mevenni,
753 995 789 1022 cca
797 986 873 1021 uenies
882 987 977 1021 omnibu·

256 1051 312 1086 vitu·
322 1049 487 1094 captantemque
494 1052 582 1086 ww.

219 1120 272 1186 Nil
283 1130 414 1186 admirari
424 1148 565 1203 properes
576 1141 691 1196 catuna,
704 1131 825 1195 Numici,

222 1207 346 1278 solaque,
358 1224 430 1279 quae
440 1208 529 1278 possit
540 1206 630 1262 fucere
639 1215 667 1261 et
677 1223 788 1260 servare
799 1206 922 1260 beatum.

220 1283 300 1337 Hunc
310 1281 396 1337 solem
407 1291 433 1336 et
443 1282 538 1338 stelias
550 1291 576 1337 et
587 1281 749 1337 decedentia
761 1282 844 1336 certis

223 1365 345 1428 tempora
357 1359 504 1412 momentis
514 1367 580 1412 sunt
589 1358 639 1428 qui
651 1356 799 1412 formidine
810 1355 886 1410 nulia

165 1440 179 1484 t
221 1432 322 1487 imbuti
336 1441 474 1503 spectent:
487 1432 557 1504 quid
568 1449 665 1488 censes
675 1449 789 1487 munera
800 1428 907 1486 terrae?

220 1506 289 1579 quid
302 1509 386 1562 maris
396 1516 533 1562 extremos
543 1506 649 1563 Arabas
659 1507 774 1562 ditantis
785 1516 812 1561 et
821 1503 922 1560 lndns‘i

175 1646 179 1652 ,
223 1582 331 1638 ludicra
342 1583 420 1654 quid,
433 1584 549 1655 plausus
560 1594 587 1639 et
598 1585 681 1639 amici
693 1583 764 1638 dona
775 1578 911 1649 Quiritis?

222 1674 278 1728 quo
288 1658 437 1729 spectanda
447 1658 538 1717 modo.
551 1675 607 1731 quo
617 1676 701 1713 sensu
716 1659 807 1713 credis
820 1666 847 1713 et
856 1656 923 1712 cre?

221 1731 275 1799 Qui
288 1734 365 1788 timet
375 1734 419 1788 his
430 1733 556 1799 adversa,
569 1734 625 1789 fere
637 1736 753 1789 miratur
764 1733 871 1797 eodem,

166 1817 192 1861 10
222 1825 278 1879 quo
289 1810 414 1880 cupiens,
423 1820 515 1881 pact03
528 1809 816 1881 pavorestutrcbique
826 1808 973 1873 molestus,

223 1885 374 1955 improvisa
386 1886 469 1939 simul
481 1886 590 1957 species
600 1894 720 1940 exterret
731 1894 891 1956 utrumque.

223 1958 347 2015 Gaudeat
358 1977 392 2013 an
404 1960 504 2025 dolcat,
516 1962 611 2031 cupiat
621 1969 770 2024 metuatve,
778 1958 847 2031 quid
858 1957 893 2013 ad
902 1975 974 2024 rem,

221 2036 256 2099 si,
267 2034 406 2105 quidquid
421 2035 493 2090 vidit
504 2036 605 2091 melius
616 2037 752 2107 peiusque
762 2052 813 2089 sua
823 2051 883 2106 spe,

223 2109 323 2165 defixis
335 2111 425 2164 oculis
436 2112 584 2181 animoque
594 2120 622 2166 et
631 2127 745 2182 corpore
754 2108 861 2181 turpet?

166 2194 191 2238 15
221 2184 314 2241 insani
325 2186 437 2256 sapiens
450 2203 550 2241 nomen
563 2186 640 2250 ferat,
655 2203 762 2256 aequus
776 2185 878 2257 iniqui,

221 2260 386 2331 ultraquam
397 2262 464 2315 satis
476 2271 517 2317 est
528 2263 657 2317 virtutem
669 2261 693 2315 si
704 2269 779 2333 petat
792 2261 893 2331 ipsam.

221 2336 232 2391 l
244 2352 327 2399 nunc,
334 2347 478 2409 argentum
486 2345 637 2392 etmarmor
643 2345 723 2392 vetus
733 2353 852 2406 aeraque
863 2344 890 2390 et
900 2343 975 2389 artes

222 2412 344 2482 suspica,
355 2426 419 2466 cum
430 2414 549 2485 gemmis
560 2413 657 2485 Tyrios
668 2412 768 2466 mirare
782 2412 901 2475 colores3

220 2484 322 2558 gaude,
333 2485 409 2557 qued
420 2496 546 2558 spectant
553 2488 628 2542 oculi
639 2496 666 2542 te
677 2486 754 2542 mille
765 2486 941 2557 loquentem

164 2568 192 2615 20
221 2576 329 2633 gnavus
340 2578 420 2615 mane
432 2561 520 2617 forum
532 2571 559 2617 et
569 2562 745 2634 vespertinus
755 2570 818 2633 pete
828 2570 942 2623 tectum,

223 2652 257 2688 ne
269 2635 333 2706 pius
345 2634 474 2691 frumenti
485 2637 626 2693 dotalibus
640 2646 739 2692 emetat
749 2636 824 2709 agris

221 2711 314 2765 Mutus
323 2710 645 2785 ct-indignum,quod
655 2713 692 2765 sit
701 2711 844 2783 peioribus
853 2719 977 2765 crtus—

224 2782 271 2838 hic
284 2782 336 2838 tibi
348 2785 384 2837 sit
397 2786 489 2855 potius
500 2804 583 2857 quani
594 2797 623 2841 tu
635 2787 773 2841 mirabilis
783 2787 838 2841 iiii.
