2159 3150
225 269 287 321 ·3tlt
507 273 562 318 DE
585 273 705 318 ARTE

180 381 221 428 lut
236 377 278 430 sie
288 373 376 428 honor
386 382 412 428 st
423 389 524 428 noman
533 371 641 428 divinis
650 372 763 427 vatibus
773 381 856 443 atque

239 447 412 504 carminibus
424 447 509 502 venit.
540 448 604 503 Post
614 447 664 502 bos
675 447 796 520 insignis
806 449 943 504 Homerus

240 526 429 598 Tyrtaeusque
440 539 529 576 mares
541 523 649 579 animus
658 522 689 576 in
700 522 797 578 Martia
806 523 882 578 bella

239 597 368 654 versibus
378 599 502 665 exacuit3
524 596 808 669 dietaepereermina
817 607 916 665 sortes,

224 671 226 676 ’
240 683 267 729 et
280 676 354 728 vitae
365 680 513 728 monstrata
524 673 570 726 via
581 681 633 736 est,
645 680 673 727 st
682 674 771 746 gratia
786 690 884 746 regum

182 757 222 804 tut
237 748 338 803 Pieriis
349 756 450 804 tentata
461 746 562 811 modis,
575 746 716 818 ludusque
727 756 863 819 repertus,

240 832 267 879 et
277 823 422 896 longorum
432 839 549 894 operum
559 821 637 878 finis:
647 852 687 864 -
696 841 731 878 ue
742 821 811 878 forte
820 823 921 894 pudori

241 900 278 954 sit
288 898 340 952 tibi
351 899 428 953 Musa
443 897 518 971 lyrae
531 897 630 954 sollers
640 906 668 953 et
677 906 772 954 nautor
781 897 891 970 Apollo.

276 975 380 1028 Natura
391 973 467 1026 lieret
478 971 620 1028 laudabile
629 989 749 1038 mannen,
761 991 796 1028 en
807 982 874 1037 arte,

242 1049 401 1121 quaesitum
411 1055 464 1102 est.
484 1049 544 1121 Ege
553 1065 604 1103 nec
614 1047 739 1104 studium
750 1049 813 1104 sine
819 1047 909 1104 divite
920 1066 996 1104 vena

183 1133 224 1180 ltu
236 1141 287 1180 nee
297 1123 367 1178 rude
377 1122 449 1193 quid
459 1124 547 1194 possit
556 1124 640 1179 video
650 1125 809 1196 ingenium:
826 1124 941 1179 alterius
951 1126 996 1179 sie

243 1200 327 1254 altera
337 1199 426 1270 poscit
435 1213 515 1269 opem
525 1215 580 1262 res,
592 1207 620 1254 et
628 1201 754 1254 coniurat
763 1201 863 1254 amine.

239 1275 294 1341 Qui
303 1273 397 1328 studet
407 1281 526 1344 optatam
539 1290 622 1328 eumu
633 1274 793 1347 contingere
803 1283 914 1337 metam,

243 1350 331 1404 multa
342 1348 406 1404 tulit
420 1347 543 1418 iecitque
554 1364 636 1419 puer,
658 1348 771 1405 sudavit
781 1359 809 1404 et
819 1350 892 1414 alsit,

245 1424 380 1480 abstinuit
392 1439 491 1478 venere
501 1431 528 1478 et
537 1422 615 1478 vino.
643 1422 698 1490 Qui
708 1425 807 1497 Pythis
819 1433 911 1480 cantat

184 1508 225 1554 lit
240 1500 353 1562 tibicen,
366 1496 466 1554 didicit
476 1500 555 1570 prius
569 1499 754 1570 extimuitque
765 1501 941 1573 magistrum.

242 1577 299 1629 Nee
309 1573 376 1629 satis
387 1582 428 1629 est
438 1573 559 1629 dixisse:
575 1575 646 1647 nEgo
657 1575 726 1629 mira
737 1575 861 1645 poemata
871 1593 980 1650 pan303

182 1698 185 1705 .
244 1658 374 1719 »occupet
384 1659 537 1705 extremnm
551 1650 677 1717 scabias3
698 1650 767 1703 mibi
779 1660 860 1723 turpe
869 1650 995 1723 relinqui

683 1733 734 1788 est,

245 1807 295 1862 set,
308 1797 382 1869 quod
393 1814 447 1853 non
456 1797 555 1863 didici,
566 1816 633 1853 sane
643 1800 751 1855 nescire
762 1799 868 1856 lateri«

241 1874 276 1928 Ut
287 1890 399 1945 praeco,
416 1872 451 1928 sd
465 1890 571 1929 merces
585 1874 695 1929 turbam
705 1876 754 1946 qui
765 1876 840 1949 cogit
849 1875 995 1941 emendas,

187 1956 227 2002 ltu
242 1946 427 2003 adsentatores
438 1948 516 2004 iubet
526 1948 562 2005 ad
573 1949 681 2004 lucrum
695 1951 736 2005 ire
746 1959 827 2021 poeta

246 2022 327 2078 dives
337 2024 421 2095 agris,
434 2022 514 2078 dives
525 2025 624 2095 positis
635 2025 665 2079 in
677 2023 787 2081 foenore
797 2026 932 2080 nummis.

244 2097 274 2153 Si
286 2115 351 2152 vero
362 2105 413 2161 est,
425 2106 539 2153 unctum
551 2100 601 2169 qui
611 2106 685 2156 rente
693 2116 796 2171 ponere
807 2101 907 2172 possit,

244 2180 271 2229 et
280 2171 417 2243 spondere
428 2172 484 2229 levi
496 2189 547 2243 pro
560 2190 691 2245 paupere,
704 2184 731 2229 et
741 2175 849 2246 eripere
862 2175 948 2231 aretis

245 2247 342 2302 litibus
355 2246 538 2318 implicitum3
557 2248 687 2314 mirabor.
699 2250 725 2304 si
735 2250 805 2305 seist
814 2249 903 2305 inter·

186 2328 227 2375 its
241 2338 354 2377 noscere
365 2321 525 2377 mendacem
539 2340 691 2395 verumque
701 2324 799 2379 beatus
809 2326 944 2381 amicum·

243 2397 285 2451 Tu
294 2412 344 2451 seu
355 2395 467 2451 doneris
478 2414 528 2451 seu
538 2397 608 2469 quid
618 2398 721 2455 donare
731 2399 809 2455 voles
819 2401 877 2463 cui,

245 2470 330 2525 nolito
341 2470 376 2525 ed
391 2488 488 2527 versus
498 2473 551 2530 tibi
562 2471 648 2529 laetos
656 2473 760 2530 ducere
772 2474 889 2545 plenum

245 2543 378 2613 laetitiae;
400 2545 532 2603 clamabit
550 2548 639 2603 enim:
664 2548 838 2603 »Pulchrei«
866 2548 998 2604 »Benel«

686 2623 825 2679 »Rectel«

245 2689 378 2758 pallescet
388 2709 472 2764 super
482 2694 537 2759 his,
548 2696 632 2750 etiem
642 2696 761 2755 stillabit
771 2697 871 2752 amieis

188 2767 229 2813 tau
243 2778 278 2815 ex
289 2764 379 2818 oeulis
390 2783 489 2831 rorem,
500 2768 590 2829 saliet.
603 2770 701 2829 tundet
710 2771 783 2843 pede
793 2779 907 2827 oetram.
