2159 3150
384 341 592 386 POETIGA,
806 339 859 392 297

103 441 147 508 vel
160 441 235 512 quod
246 457 290 495 res
300 457 396 495 ournes
410 440 508 495 timide
519 440 668 514 gelideque
679 444 826 501 ministrat.

103 516 214 581 dilator,
227 533 276 586 spe
287 515 396 588 longus,
410 516 495 580 iners,
508 516 684 587 pavidusque
698 516 795 584 futuri,

104 591 241 655 difficilis,
257 591 403 661 querulus,
416 589 543 645 laudator
551 593 684 662 temporie
696 595 749 648 eeti

104 685 134 722 se
144 683 240 739 puero,
253 666 401 738 castigator
411 681 565 736 censorque
574 667 724 722 minorum.

103 742 189 799 Multa
201 741 293 796 lerunt
306 740 372 795 enni
382 740 527 795 venientes
540 742 685 796 commoda
694 759 800 807 meunt,
871 755 911 801 111

104 816 190 872 multa
202 815 363 872 recedentes
374 815 512 871 adimunt.
527 817 569 870 Ne
580 816 649 872 ferte
658 819 761 873 seniles

104 891 270 948 mandentur
279 891 376 945 iuveni
387 899 478 961 partes
492 907 634 963 pueroque
646 892 757 948 viriles:

103 984 215 1038 semper
227 969 256 1021 in
270 966 410 1021 adiunctis
423 981 548 1037 aevoque
557 967 729 1022 merebimur
739 970 822 1039 aptis.

142 1043 198 1098 Aut
210 1043 303 1115 egitur
313 1058 357 1096 res
367 1043 396 1095 in
408 1043 510 1104 scenis,
525 1050 573 1096 aut
583 1050 642 1096 acta
653 1043 778 1098 refertur.

104 1118 226 1192 Segnius
239 1118 349 1172 irritent
359 1117 467 1171 animes
478 1115 599 1170 demisse
611 1133 661 1187 per
671 1135 775 1182 eurem,
870 1128 911 1173 111

103 1210 188 1266 quam
199 1208 271 1263 quae
283 1200 350 1246 sunt
362 1191 452 1246 oeulis
462 1191 589 1248 subiecta
600 1191 732 1247 fidelibus
743 1202 769 1247 et
779 1209 851 1266 quae

102 1269 165 1340 ipse
179 1267 235 1322 sibi
245 1266 329 1323 tradit
341 1275 485 1337 spectetur.
514 1267 574 1321 Non
588 1274 679 1322 temen
690 1269 765 1322 intus

103 1343 190 1417 digna
201 1343 261 1414 geri
272 1357 382 1413 promes
393 1343 421 1396 in
431 1357 554 1405 scenam,
566 1341 709 1412 multaque
718 1343 799 1397 tolles

104 1436 140 1475 ex
150 1417 250 1481 oculis,
262 1433 334 1488 quae
345 1433 410 1472 mex
421 1425 512 1471 narret
526 1414 656 1471 fecundia
670 1433 814 1487 praesens:

103 1512 139 1550 ne
150 1510 252 1566 pueros
262 1508 354 1547 eorem
365 1491 469 1562 popule
479 1491 575 1546 Medea
585 1491 726 1564 trucidet,⁸
872 1503 913 1548 111

104 1580 153 1626 eut
163 1568 284 1624 humana
298 1567 391 1640 palem
404 1575 504 1639 coquet
513 1577 576 1623 exta
591 1566 714 1623 nefarius
724 1566 834 1628 Atreus,

103 1653 153 1701 aut
163 1645 193 1699 in
203 1660 283 1699 avem
293 1643 400 1716 ngne
409 1650 540 1706 vertetur,
553 1642 674 1697 Cadmus
685 1644 713 1698 in
725 1660 855 1717 anguem.

103 1719 308 1791 Quodcumque
317 1716 441 1772 ostendis
452 1716 523 1771 mihi
534 1718 586 1780 sic,
598 1717 761 1773 incredulus
770 1718 829 1774 odi.

143 1796 220 1849 Neve
231 1794 322 1849 minor
335 1809 389 1847 neu
399 1794 436 1847 sit
448 1794 547 1863 quinto
557 1792 716 1863 productior
727 1802 789 1849 ectu

104 1870 212 1932 fabula,
224 1885 297 1940 quae
309 1868 387 1939 posci
398 1866 460 1921 vult
470 1876 497 1922 et
510 1875 631 1939 spectate
642 1869 750 1941 reponi.
874 1878 914 1923 111

103 1948 163 2000 Nec
174 1944 244 1999 deus
255 1944 372 2004 intersit,
384 1942 439 1996 nisi
453 1941 557 2015 dignus
567 1942 679 1997 vindice
689 1942 779 1997 nodus

104 2020 251 2087 inciderit;
265 2036 316 2074 nec
326 2025 422 2089 quarta
436 2017 510 2087 loqui
526 2032 642 2087 persone
657 2017 771 2072 laboret.
857 2034 860 2038 ⁷

146 2096 253 2149 Actoris
265 2101 356 2165 partes
366 2092 467 2147 chorus
476 2091 657 2163 ciliciumque
668 2093 750 2148 virile

104 2169 249 2233 defendat,
263 2184 317 2223 neu
328 2167 398 2239 quid
409 2167 515 2222 medies
525 2167 673 2224 intercinat
684 2176 771 2230 ectus,

106 2244 183 2317 quod
195 2262 248 2299 non
259 2243 401 2315 proposito
414 2241 552 2297 conducet
560 2251 588 2297 et
598 2242 709 2298 beereat
722 2253 793 2315 apte.
875 2254 917 2299 111

105 2320 157 2375 lile
170 2320 251 2375 bonis
263 2318 408 2389 faveatque
418 2328 445 2372 et
455 2317 619 2372 consilietur
628 2319 726 2381 armies,

104 2404 135 2451 et
146 2403 224 2469 regat
234 2396 318 2449 iratos
328 2402 356 2448 et
365 2400 438 2447 emet
448 2408 563 2463 peccare
573 2394 716 2456 timentem

105 2471 158 2526 ille
172 2470 259 2540 depes
270 2468 365 2523 laudet
376 2484 487 2522 mensae
498 2467 604 2532 brevis,
617 2467 665 2522 ille
676 2467 817 2523 salubrem

105 2546 246 2601 iustitiam
257 2544 390 2616 legesque
401 2551 429 2598 et
439 2542 543 2614 apertis
553 2544 608 2597 otia
621 2544 722 2614 portis3

105 2620 158 2676 ille
168 2628 245 2693 teget
254 2619 413 2682 commissa,
426 2617 550 2689 deosque
560 2625 689 2689 precetur
698 2626 725 2672 et
734 2626 803 2678 eret,
876 2627 919 2672 aee

106 2704 140 2751 ut
149 2694 245 2751 redeet
254 2694 375 2757 miseris,
388 2694 468 2748 abeat
479 2692 588 2747 fortuna
600 2692 741 2765 superbis.

148 2770 230 2826 Tibia
241 2787 305 2833 uon,
318 2780 349 2824 ut
363 2785 446 2832 nunc,
461 2767 603 2823 orichalco
617 2770 711 2823 iuncte
721 2767 863 2838 tubaeque

106 2845 230 2911 aemula,
243 2843 293 2900 sed
306 2845 399 2900 tenuis
408 2843 587 2916 simplexque
599 2842 733 2898 foramine
747 2860 837 2914 pauoo
