2159 3150
387 293 520 338 ctuutt
564 295 579 339 Ι.

180 395 215 451 ad
227 412 303 450 arma
314 403 463 455 cessantes,
476 393 510 449 ad
522 411 597 450 arma

218 471 348 534 concitet,
360 469 568 542 imperiumque
580 469 697 545 frangat.

138 564 179 619 Te
192 579 304 634 semper
314 562 402 618 anteit
411 579 494 618 saeva
505 563 673 629 Necessitas,

137 639 237 694 clavos
248 637 369 694 trabales
380 645 407 693 et
418 655 520 693 cuneus
532 655 616 694 manu

179 722 295 788 gestans
306 713 408 782 ahena;
425 730 477 768 nec
490 731 606 769 severus

217 807 308 844 uncus
319 788 407 854 abest,
421 788 620 862 liquidumque
633 790 794 863 plumbum.

136 883 178 939 Te
190 881 262 955 Spes
273 890 300 938 et
308 881 372 938 albo
383 899 443 937 rara
455 881 537 937 Fides
548 882 614 938 coiit

138 957 231 1014 velata
244 975 346 1030 panno,
360 975 411 1014 nec
422 958 550 1013 comitem
563 957 692 1033 abnegat,

178 1044 332 1106 utcumque
343 1041 446 1089 mutata
459 1041 585 1105 petentes

217 1118 295 1165 veste
306 1108 402 1165 dumus
414 1110 527 1164 inimica
540 1109 658 1182 linquis.

136 1202 174 1258 At
185 1201 289 1276 vulgus
301 1201 419 1256 infidum
431 1210 458 1257 et
468 1203 601 1257 meretrix
611 1210 683 1258 retro

136 1279 252 1350 periura
264 1276 352 1332 cedit:
374 1277 526 1352 diffugiunt
537 1276 615 1333 cadis

177 1369 242 1408 cum
254 1352 329 1408 faece
339 1352 450 1408 siccatis
465 1353 559 1418 amici,

217 1427 288 1484 ferre
299 1429 397 1502 iugum
412 1429 515 1500 pariter
528 1427 628 1485 dciusi.
640 1459 678 1472 -

134 1519 243 1579 Series
254 1520 516 1579 iturumcaesarem
531 1522 559 1577 in
575 1521 688 1577 ultimus

135 1598 218 1654 orbis
230 1598 385 1663 Britannos,
397 1606 425 1653 et
438 1598 572 1654 iuvenum
584 1614 680 1653 recens

179 1690 307 1737 examen,
322 1673 387 1729 Eois
398 1673 554 1729 timendum

218 1749 346 1822 partibus
356 1748 522 1821 Oceanoque
532 1748 627 1804 rubro.

139 1840 232 1907 Eheu,
243 1842 406 1897 cicatricum
416 1849 444 1897 et
452 1841 568 1898 sceleris
578 1840 666 1913 pudet

140 1916 327 1990 fratrumque.
367 1916 441 1985 Quid
452 1934 502 1973 nos
512 1916 582 1973 dura
597 1916 752 1990 refugimus

180 1991 274 2049 aetas?
293 1992 363 2065 quid
376 1994 511 2049 intactum
522 1992 623 2048 nefasti

219 2067 375 2141 liquimus?
395 2068 469 2125 unde
481 2086 595 2124 manum
609 2069 740 2123 iuventus

139 2169 218 2216 metu
229 2160 344 2217 deorum
355 2160 510 2217 continuit?
529 2159 635 2234 quibus

141 2238 268 2310 pepercit
278 2235 352 2291 arisi
371 2237 394 2292 0
405 2238 511 2293 utinam
524 2254 594 2293 nova

180 2311 283 2368 incude
297 2310 431 2387 diffingas
443 2322 568 2369 retusum
577 2314 606 2367 in

218 2388 388 2462 Massagetas
402 2388 564 2461 Arabasque
577 2386 695 2443 ferrumi

395 2614 565 2625 ..amn——
