2159 3150
367 307 505 353 LIBER
544 310 566 356 Ι.

357 506 475 566 ODE
519 509 573 567 lll.

133 627 182 666 ΑΒ
193 625 318 682 NAVEM,
333 624 399 675 Qua
412 625 615 667 VEHEBA'I'UB
627 593 801 670 mumma

257 692 413 764 A‘iHENAS
427 692 678 735 Pnoutclscuus.

93 890 175 956 llrgllio
188 913 268 948 {siloem
280 914 375 956 precatur
388 912 548 956 mintionem,
565 915 657 949 invectas
671 917 729 951 simul
743 919 764 952 la
777 919 837 954 suds-

123 975 175 1010 eiam
184 973 291 1016 hommum,
300 981 355 1007 mars
364 972 414 1007 adse
422 973 500 1007 ratibus
508 975 673 1010 trsusllleatiam.
703 977 760 1012 itstr.
770 979 794 1013 Υ.

73 1083 75 1086 ·
128 1062 182 1125 Sic
192 1078 219 1125 te
229 1069 295 1124 diva
306 1078 403 1141 potens
414 1067 510 1143 Cypri,

166 1147 209 1200 sic
219 1144 315 1199 iratres
326 1143 454 1205 Helenae,
469 1145 562 1200 lucida
573 1147 675 1211 sidera,

126 1228 330 1290 ventorumque
341 1227 418 1293 regat
431 1229 519 1289 peter,

165 1294 307 1350 obstrictis
316 1293 390 1357 aliis,
403 1303 512 1365 praeter
521 1296 633 1369 Iapyga,

127 1370 218 1433 navis,
236 1385 307 1440 quac
319 1367 370 1423 tibi
381 1369 519 1423 creditum

165 1444 251 1499 debes
262 1443 426 1516 Virgilium:
442 1443 545 1500 linibus
555 1445 654 1501 Atticis

126 1519 229 1575 reddas
240 1518 416 1582 incolumem,
432 1535 538 1590 precor,

152 1604 192 1659 ,et
202 1611 296 1649 serves
307 1594 416 1648 animae
427 1594 577 1651 dimidium
592 1614 679 1651 meae.
691 1627 729 1640 -
813 1661 816 1665 Δ

126 1669 266 1726 lllirobur
277 1677 304 1723 et
314 1685 360 1723 aes
370 1669 474 1740 triplex

164 1745 237 1799 circa
249 1752 345 1815 pectus
356 1752 423 1806 erat,
436 1744 487 1814 qui
497 1743 624 1818 fragilem
635 1747 706 1800 truci
866 1756 892 1799 lt

126 1820 268 1875 commisit
280 1819 379 1891 pelago
390 1828 476 1872 ratem

163 1895 282 1966 primus,
295 1910 346 1947 nec
357 1894 451 1948 timuit
465 1894 645 1965 praecipitem
657 1892 782 1949 Africum

125 1969 312 2024 decertantem
323 1967 521 2038 Aquilonibus,

164 2060 216 2098 nec
227 2044 319 2097 tristes
329 2042 448 2115 Hyadas,
461 2060 512 2099 uec
523 2044 629 2098 rabiem
638 2044 715 2111 Noti3

124 2135 182 2190 quo
193 2133 247 2172 non
259 2118 361 2171 arbiter
372 2116 498 2181 Hadriae,
866 2126 891 2168 15

165 2192 260 2255 maior,
273 2192 368 2247 tollere
379 2208 429 2247 seu
439 2209 543 2263 ponere
553 2193 614 2247 vult
624 2191 703 2247 freta.

124 2267 215 2334 Quem
226 2268 321 2321 mortis
331 2267 425 2321 timuit
433 2267 561 2339 gradum,

164 2342 215 2413 qui
226 2343 308 2395 siccis
319 2342 409 2397 oculis
420 2350 540 2396 monstra
554 2342 684 2406 natantia,
736 2342 744 2363 '·

123 2417 178 2488 ¹qui
190 2416 261 2471 vidit
272 2434 346 2470 mare
358 2416 500 2489 turgidum
512 2425 539 2471 et

163 2490 282 2545 infames
292 2491 421 2562 scopulos
435 2488 654 2546 Acroceraunia?

122 2564 323 2638 Nequidquam
334 2566 403 2620 deus
413 2564 533 2620 abscidit

163 2640 287 2711 prudens
298 2638 406 2695 Oceano
417 2638 590 2695 dissociabili

123 2724 221 2778 terras,
235 2714 259 2769 si
271 2722 361 2769 temen
373 2716 477 2785 impiae
668 2772 674 2781 ,

164 2807 217 2845 non
230 2790 367 2861 tangenda
378 2799 449 2843 rates
461 2787 622 2842 transiliunt
632 2783 714 2838 vade.
