2159 3150
515 261 698 309 EPODON

457 477 482 538 a
497 478 518 536 r
533 476 558 536 o
573 477 597 536 n
612 476 636 536 0
651 477 672 536 s
714 478 764 560 rx.

363 595 406 636 AD
424 595 448 637 C.
467 595 608 636 clnculum
625 594 862 637 Maecenatiana.

407 799 488 833 Exultat
495 799 579 832 victoria
589 797 676 832 Actiaca.
700 798 757 832 Matr.
767 798 812 833 xu.

277 884 399 961 Quando
410 900 549 965 repostum
560 891 717 946 Caecubum
728 891 763 946 ad
774 891 857 949 festas
868 893 969 967 dapes,

315 971 418 1025 victore
430 968 517 1022 iaetus
529 967 655 1031 Caesare,

276 1055 367 1102 tecum
378 1044 431 1098 sub
443 1043 497 1098 alta
507 1044 597 1095 —sic
610 1043 667 1096 iovi
678 1050 787 1116 gratum
798 1073 835 1085 -
845 1041 939 1108 domo,

313 1121 392 1175 beate
403 1121 556 1181 Maecenas,
570 1116 663 1171 bibam

274 1205 387 1252 sonante
399 1195 516 1248 mixtum
527 1192 606 1248 tibiis
617 1209 727 1247 carmen
739 1193 807 1268 lyra,

316 1271 367 1325 hac
376 1270 497 1332 Dorium,
513 1268 571 1323 iliis
582 1267 739 1336 barbarum,

276 1356 307 1402 ut
318 1363 415 1418 nuper,
428 1353 505 1400 actus
514 1361 602 1415 quum
614 1342 682 1398 freto
694 1344 849 1416 Neptunius

317 1420 375 1475 dux
385 1419 456 1494 fugit
467 1419 537 1474 ustis
549 1419 677 1483 navibus

278 1497 399 1552 minatus
410 1494 477 1550 Urbi
488 1493 590 1558 vincia,
602 1509 673 1566 quae
684 1493 837 1550 detraxerat

315 1572 404 1627 servis
415 1571 521 1628 amicus
531 1567 664 1642 perfidis?

276 1650 424 1711 Romanus,
436 1647 522 1703 ebeni
534 1676 572 1687 -
582 1645 684 1717 posteri
694 1645 833 1719 negabitis
846 1675 884 1688 -

314 1724 504 1795 emancipatus
515 1720 644 1784 feminae,

277 1798 329 1855 iert
339 1798 444 1855 vallum
455 1806 482 1853 et
492 1812 567 1851 arma
580 1796 660 1850 miles
674 1802 700 1850 et
710 1794 882 1868 spadonibus

315 1876 420 1930 servire
431 1873 540 1946 rugosis
551 1871 653 1943 potasti

276 1952 403 2023 interque
415 1950 495 2022 signa
505 1956 585 2019 turpe
597 1945 728 2001 militaria

312 2026 353 2081 soi
364 2025 482 2097 adspicit
492 2022 653 2095 conopiumi

278 2101 382 2158 adhoc
393 2099 539 2155 frementes
551 2105 691 2154 verterunt
704 2097 748 2153 bis
758 2096 835 2153 milia
845 2113 934 2169 equos

316 2177 399 2240 Galli,
412 2184 542 2231 canentes
553 2173 706 2238 Caesarem,

278 2252 478 2323 hostiliumque
490 2251 604 2304 navium
615 2256 693 2321 portu
707 2248 790 2303 latent

315 2345 423 2399 puppes
432 2327 622 2381 sinistrorsum
633 2326 714 2379 citae.

279 2404 307 2458 lo
317 2402 470 2474 triumphe!
492 2410 521 2455 tu
533 2400 648 2455 moraris
658 2414 754 2454 aureos

312 2496 412 2533 ,currus
426 2486 453 2531 et
463 2478 579 2531 intactas
593 2472 696 2529 boves?

280 2554 308 2606 lo
319 2552 473 2623 triumphe!
496 2568 547 2605 nec
556 2549 719 2623 iugurthino
730 2565 823 2621 parem

317 2627 391 2683 bello
402 2627 545 2699 reportasti
556 2624 666 2688 ducem,

280 2718 371 2772 neque
382 2700 552 2762 Africanum,
563 2700 609 2754 cui
621 2716 705 2770 super
716 2697 911 2771 Carthaginem

319 2777 409 2829 virtus
418 2775 579 2846 sepulcrum
589 2774 723 2829 condidit.
