2159 3150
328 272 407 315 LIB.
432 272 468 315 11.
499 272 590 316 sA'r.
610 270 658 315 vl.
811 266 862 317 225

103 375 240 431 Matutine
251 382 338 445 pater,
349 390 399 427 seu
411 374 474 426 lane
486 372 620 427 libentius
631 370 722 433 audis,
889 382 917 425 tt

90 446 93 451 ’
104 450 181 505 unde
194 450 321 505 homines
332 465 447 519 operum
460 449 565 519 primos
576 448 706 518 vitaeque
717 446 824 501 labores

102 528 257 582 instituunt
266 556 304 566 —
314 525 356 578 sie
366 524 409 577 dis
421 523 555 596 placitum
566 554 613 585 —,
625 533 654 576 tu
664 523 796 577 carminis
802 531 861 577 esto

102 601 289 675 principium.
322 600 423 655 Romae
435 615 597 670 sponsorem
611 615 655 651 me
668 600 759 668 rapis:
782 598 845 653 »Eia

102 695 154 731 »ne
165 677 243 749 prior
252 674 344 730 officio
356 676 505 746 quisquam
518 673 693 745 respondeat.
710 688 778 746 urge
786 674 813 726 1«

103 752 171 808 Sive
182 751 286 823 Aquilo
295 749 368 806 radit
378 759 463 805 terras
475 767 525 804 seu
536 750 635 804 bruma
647 750 768 804 nivalem
890 762 917 806 25

102 828 238 884 interiore
248 826 323 881 diem
337 843 406 899 gyro
417 826 510 887 trahit,
522 827 565 879 ire
576 841 689 879 neeesse
703 835 755 879 est.

102 902 262 965 Postmodo,
270 901 560 973 quodmiobsit,olare
570 910 734 971 certumque
747 900 860 971 loquuto

103 978 270 1034 luctandum
281 981 310 1032 in
322 976 402 1032 turba
413 986 439 1031 et
451 976 578 1031 facienda
590 977 693 1029 iniuria
706 975 803 1030 tardis.

102 1054 193 1121 »Quid
206 1055 264 1118 vis,
286 1054 399 1116 insane,
415 1061 441 1107 et
456 1068 527 1123 quas
542 1069 586 1106 res
598 1049 694 1123 ogisi«
713 1052 859 1123 improbus

609 1137 689 1199 urget

102 1207 184 1260 iratis
196 1204 342 1275 precibus:
359 1213 404 1258 »tu
414 1203 510 1275 pulses
521 1219 613 1267 omne,
625 1201 701 1274 quod
711 1202 811 1267 obstat.
891 1214 918 1258 to

89 1295 91 1299 ·
103 1281 156 1335 »ad
166 1282 353 1336 Maecenatem
365 1279 479 1333 memori
491 1280 516 1333 si
528 1287 620 1333 mente
633 1276 794 1333 recurrasiu

102 1359 162 1413 Hoo
173 1357 253 1410 iuvat
263 1364 290 1409 et
301 1354 377 1409 melli
390 1363 439 1416 est,
448 1371 502 1409 non
514 1355 645 1421 mentiar3
658 1361 686 1409 at
696 1354 781 1408 simul
790 1363 863 1408 atras

104 1441 222 1487 ventum
235 1440 276 1485 est
286 1430 443 1502 Exquilias‚
460 1429 550 1483 aliena
562 1430 671 1502 negotia
683 1439 794 1483 centum

103 1526 158 1582 per
168 1516 253 1580 eaput
266 1516 293 1561 et
303 1506 376 1561 cirea
387 1506 491 1561 saliunt
503 1505 585 1559 latus.
614 1505 698 1559 »Ante
709 1503 860 1559 secundam

104 1586 240 1639 »Roscius
250 1582 346 1638 orabat
356 1581 411 1636 sibi
424 1582 536 1636 adesses
547 1582 582 1636 ad
595 1582 689 1636 Puteal
701 1599 836 1635 craso-
892 1591 918 1634 35

105 1663 159 1714 nDe
173 1677 203 1714 re
214 1661 355 1713 communi
366 1657 474 1712 scribae
485 1674 585 1730 magna
597 1666 680 1728 atque
694 1674 765 1711 nova
779 1666 806 1711 te

105 1735 238 1791 »orabant
249 1734 331 1788 hodie
343 1733 529 1792 meminisses.
542 1731 669 1799 Quincte,
683 1733 810 1786 revertit
821 1761 858 1771 —

52 1821 55 1826 ’
105 1813 267 1882 »Imprimat
281 1809 335 1871 his,
347 1826 428 1873 eura,
441 1811 585 1871 Maecenas
595 1811 676 1881 signa
688 1807 825 1862 tabellis«

104 1887 232 1942 Dixeris:
259 1885 435 1956 »Experiere
454 1913 492 1924 -
512 1883 628 1946 osiris,
646 1894 738 1956 potes«
750 1883 828 1937 addit
837 1892 864 1936 et

611 1960 704 2014 instat.

105 2037 252 2109 Septimus
262 2045 359 2090 octavo
370 2035 483 2106 propior
495 2037 550 2088 iam
561 2034 665 2106 fugerit
676 2051 775 2093 annus,
892 2041 919 2085 tu

105 2131 144 2168 ex
157 2128 214 2184 quo
225 2113 367 2167 Mneoeoas
379 2127 423 2164 me
433 2111 525 2181 eoepit
536 2109 639 2164 habore
649 2126 763 2163 suorum
776 2120 780 2128 ’

105 2190 137 2243 in
150 2202 275 2246 numero,
288 2187 433 2240 dumtaxat
444 2185 478 2239 ad
490 2186 551 2247 hoo,
566 2202 651 2256 quem
662 2184 758 2239 toliere
768 2183 854 2238 rheda

104 2263 195 2318 vellet
206 2264 258 2317 iter
269 2261 383 2325 faciens,
396 2270 423 2316 et
433 2262 479 2314 oui
490 2260 656 2316 concredere
667 2277 756 2332 nugas

105 2333 862 2411 hoogenus:»Horaquotaestio—»ThraxestGallina

610 2409 825 2484 Syropariu-

104 2489 258 2544 »Matutine
268 2493 366 2559 parum
377 2496 472 2542 cautos
484 2487 538 2540 inm
551 2485 653 2558 frigora
665 2485 853 2539 mordentr—
893 2492 919 2538 45

104 2573 135 2620 et
146 2581 218 2636 quae
229 2564 331 2619 rimoso
347 2563 416 2618 bene
428 2563 606 2633 deponuntur
616 2563 643 2615 in
656 2578 733 2615 aure.

104 2642 160 2696 Per
165 2647 253 2696 totum
261 2639 313 2698 hoo
324 2648 434 2710 tempus
444 2638 597 2692 subiectior
608 2639 636 2691 in
644 2638 720 2690 diem
730 2646 756 2691 et
766 2637 862 2691 horam

104 2715 235 2771 invidiae
246 2725 350 2770 noster.
379 2713 473 2768 Ludos
482 2715 650 2784 spectaverit
663 2729 728 2775 una,

104 2792 208 2848 luserit
218 2792 248 2845 in
260 2806 372 2862 campo:
390 2791 540 2844 »Fortunae
552 2788 661 2842 iiliusln
672 2805 779 2842 omnes.
839 2843 841 2847 ,

145 2867 282 2922 Honorius.
529 2907 530 2912 ,
690 2863 710 2914 Ρ
