2159 3150
202 326 253 382 296
478 332 532 378 DE
560 332 681 378 altre

202 432 363 488 Parturiuut
373 440 489 497 montes,
503 440 631 489 nascetur
640 431 779 487 ridiculus
789 449 863 487 mus.

146 516 185 563 111
204 507 313 574 Quanto
323 507 427 562 rectius
437 507 493 571 hio,
505 507 555 578 qui
567 507 607 562 nil
618 508 733 563 molitur
743 508 851 579 inepte:

202 584 266 638 »Dio
276 582 356 648 mihi,
367 585 455 648 Musa,
462 583 567 647 virum,
578 591 674 654 captae
684 590 747 655 poet
757 591 880 655 tempora
890 581 964 638 Tro·

648 675 694 712 rae

202 734 266 804 »qui
280 749 371 799 moras
382 731 528 788 bominum
539 734 689 788 multorum
700 732 773 788 vidit
785 732 934 787 sturnos«

203 809 264 862 Non'
276 807 384 862 fumum
396 824 431 862 ex
444 807 563 881 fulgore,
574 808 624 862 sed
639 826 674 864 ex
685 808 762 864 fumo
772 808 837 863 dare
848 807 942 862 lucem

205 884 317 956 cogitat,
329 891 360 937 ut
370 883 494 954 speciosa
505 882 609 938 dehine
619 884 754 939 miracula
764 892 882 955 promat,

148 965 187 1014 115
203 957 959 1034 AntiphatenSoyllamqueetcumCyolopeCharybdin3

205 1051 257 1088 neo
267 1032 388 1088 reditum
399 1033 540 1088 Diomedis
551 1033 587 1089 ab
597 1035 711 1090 interitu
721 1033 864 1106 Meleagri,

206 1126 256 1164 uec
267 1109 379 1181 gemino
390 1107 496 1164 hellum
507 1109 658 1164 Troianum
668 1109 776 1165 orditur
787 1109 822 1162 ab
833 1125 901 1176 ovo;

203 1200 314 1256 semper
324 1183 358 1238 ad
370 1193 500 1239 eventum
512 1183 625 1239 festinat
636 1184 702 1240 etin
714 1183 821 1239 medius
835 1200 890 1246 ree,

205 1277 259 1314 non
270 1276 351 1314 eeous
366 1275 398 1313 ao
408 1267 496 1323 notas,
507 1259 663 1314 auditorem
673 1260 755 1331 rapit,
768 1268 796 1314 et
806 1275 878 1330 quoe

149 1345 188 1390 151
205 1334 336 1406 desperet
345 1341 458 1389 tractata
470 1336 605 1390 nitescere
615 1352 708 1406 posse,
719 1334 864 1406 relinquit,

205 1419 290 1481 atque
303 1409 342 1464 ita
356 1410 498 1473 mentitur,
511 1409 553 1464 sio
564 1412 638 1466 veris
650 1409 719 1465 falsa
730 1410 869 1473 remisoet,

206 1485 298 1558 primo
312 1501 346 1537 ne
356 1484 491 1550 medinm,
505 1485 598 1541 medio
608 1504 643 1541 ne
657 1484 797 1556 discrepet
807 1485 909 1538 imum.

244 1563 295 1624 Tu,
308 1560 379 1631 quid
390 1575 441 1633 ego
448 1569 474 1616 et
480 1561 717 1634 populusmeoum
724 1559 874 1625 desideret,
882 1557 963 1615 audi.

206 1636 237 1691 si
248 1636 388 1707 plausoris
399 1652 466 1709 eges
477 1638 573 1691 aulaea
584 1639 722 1692 manentis
733 1646 761 1692 11
772 1652 863 1706 usque

150 1724 189 1767 151
204 1710 325 1775 sessuri,
343 1710 432 1765 donec
442 1722 536 1767 cantor
558 1713 627 1767 »Vos
638 1712 778 1784 plaudite«
787 1710 876 1777 dicat;

206 1785 305 1842 aetatis
316 1787 454 1857 cuiusque
466 1787 579 1842 notandi
593 1797 659 1842 sunt
669 1787 721 1842 tibi
733 1802 833 1849 mores,

207 1860 418 1932 mobilibusque
431 1861 516 1917 decor
526 1862 634 1917 naturis
644 1862 754 1916 dandus
766 1871 793 1916 et
802 1860 895 1915 aunis.

207 1936 335 1992 Reddere
344 1938 394 2008 qui
407 1954 489 1992 voces
498 1938 554 1992 iam
565 1937 617 1992 soit
626 1953 696 2010 puer
706 1946 733 1992 et
743 1935 814 2007 pede
823 1943 897 1989 certo

209 2013 302 2087 signat
313 2012 441 2075 humum,
452 2014 536 2085 gestit
548 2013 662 2083 paribus
672 2011 814 2067 oolludere
825 2019 851 2065 et
861 2011 932 2064 iram

152 2100 191 2145 151
209 2088 318 2160 colligit
328 2104 360 2142 ae
370 2088 448 2159 ponit
458 2095 562 2142 temore
572 2096 599 2141 et
609 2095 732 2143 mutatur
742 2088 771 2141 in
783 2086 874 2140 horas.

207 2162 345 2218 lmberbis
356 2162 479 2225 iuvenis,
495 2162 605 2217 tandem
615 2162 730 2218 custode
744 2170 858 2223 remoto,

207 2237 311 2312 gaudet
321 2237 402 2308 equis
412 2237 586 2309 nauibusque
596 2245 623 2293 et
632 2238 719 2311 aprici
727 2237 853 2311 gramine
859 2236 965 2307 campi,

210 2330 306 2369 nereus
317 2312 347 2367 in
356 2314 458 2368 vitium
469 2311 553 2377 ilecti,
564 2313 748 2369 monitoribus
759 2328 850 2383 asper,

210 2388 323 2444 utilium
333 2388 430 2443 tardus
439 2388 577 2459 provisor,
588 2388 724 2461 prodigus
735 2389 818 2450 11111,

153 2474 194 2519 115
208 2463 340 2518 sublimis
356 2463 534 2536 cupidusque
545 2470 572 2518 11
583 2472 670 2518 amota
682 2464 840 2534 relinquere
851 2462 967 2532 pernix.

212 2538 361 2593 Conversis
371 2538 474 2593 studiis
485 2548 560 2594 aetas
570 2540 737 2610 animusque
748 2536 840 2593 virilis

210 2613 321 2683 quaerit
330 2629 397 2684 opes
408 2622 435 2668 et
445 2615 593 2678 amicitias,
608 2614 727 2669 inservit
736 2612 843 2675 honori,

212 2687 387 2742 commisisse
397 2698 485 2751 cavet,
501 2688 577 2760 quod
587 2706 652 2743 mox
664 2697 769 2743 mutare
781 2686 896 2742 laboret.

212 2761 298 2816 Multa
307 2778 403 2817 sonem
414 2762 829 2825 circumveniuntinoommode,
836 2761 880 2815 vel
888 2758 970 2831 quod

156 2842 196 2886 111
211 2838 320 2905 quaerit
330 2843 358 2890 11
366 2837 489 2892 inventis
500 2840 585 2893 miser
595 2838 716 2894 abstinet
725 2855 756 2893 ee
766 2838 845 2892 timet
855 2836 907 2897 uti,
