2159 3150
342 268 499 336 'nunu
537 292 569 336 n.

120 389 151 445 ln
164 389 231 444 sinu
244 387 336 444 ferens
347 388 413 445 deos

159 473 189 520 et
198 481 269 540 uxor
278 474 306 520 et
318 466 364 520 vir
373 464 558 538 sordidosque
569 477 657 522 natos.

120 539 207 595 Nulla
218 540 319 596 certior
328 549 421 595 tamen

152 617 270 687 rapacis
284 613 348 671 Orci
358 614 413 670 line
422 615 560 672 destinata

121 691 187 746 aula
197 690 316 746 divitem
328 699 421 746 manet

159 765 272 821 herum.
311 764 385 832 Quid
396 765 591 822 ultratendisl
610 767 800 840 aequatellus

119 842 239 914 pauperi
250 840 405 896 recluditur

157 933 314 990 regumque
323 916 433 988 pueris:
450 933 502 971 nec
511 915 623 973 satelles
634 915 698 974 Orci

120 991 255 1047 callidum
266 991 428 1046 Promethea
676 989 678 993 ’
866 1005 894 1051 at

64 1129 69 1138 ,
157 1067 268 1122 revexit
278 1083 345 1122 auro
358 1075 466 1140 captus.
506 1067 558 1122 Hic
567 1064 721 1139 superbum

121 1141 268 1208 Tantalum
282 1150 365 1214 atque
376 1141 482 1204 Tantali
649 1207 653 1214 ἱ

157 1234 249 1292 genus
258 1225 378 1285 coercet;
400 1216 448 1271 hic
460 1217 554 1272 levare
564 1215 690 1272 iunctum

118 1309 274 1365 pauperem
286 1290 429 1347 laboribus

157 1375 274 1423 vocatus
286 1376 368 1439 atque
379 1384 433 1423 non
445 1374 558 1422 vocatus
568 1365 655 1422 audit.
864 1372 893 1424 u

253 1569 257 1577 ’
342 1610 366 1671 0
388 1611 414 1669 n
435 1610 459 1673 a
501 1609 585 1701 xix..

263 1727 401 1769 linibus
418 1727 462 1769 AD
479 1727 652 1769 ΒΑΟΟΗῊΜ.

79 1932 134 1975 Quod
148 1932 239 1967 nmina
254 1932 276 1966 tn
289 1930 372 1975 rupibus
385 1930 488 1967 docentem
502 1934 644 1975 conspexerat,
658 1930 751 1966 aruum
763 1938 809 1967 eun
822 1940 835 1967 a

133 1996 197 2032 varus
207 1996 251 2031 elus
259 1995 374 2031 numinum
380 1996 480 2038 ”busque
488 1994 552 2037 tuiis
560 1995 635 2029 Mat.
658 1995 718 2030 uate.
726 1994 779 2031 m.

118 2071 267 2137 Bacchum
278 2080 307 2135 in
321 2078 435 2135 remotis
445 2081 571 2134 carmine
579 2078 698 2150 rupibus

118 2156 179 2211 vidi
192 2155 347 2220 docentem,
360 2154 484 2227 (credite,
497 2154 622 2226 posteri)

156 2230 353 2305 nymphasque
362 2229 502 2285 discentes
512 2238 539 2284 et
548 2246 628 2284 aures

195 2304 379 2377 capripedum
389 2304 550 2379 Satyrorum
561 2313 665 2360 acutas.

118 2398 211 2453 Evoel
224 2399 327 2453 recenti
341 2414 419 2453 mens
429 2397 550 2469 trepidat
560 2405 645 2461 metu,

118 2474 262 2545 plenoque
272 2472 373 2528 llacchi
384 2481 494 2544 pectore
506 2471 650 2527 turbidum
709 2540 714 2547 Ι

161 2548 288 2615 laetatur.
327 2548 416 2609 Evoel
430 2564 511 2618 parce
521 2547 618 2601 Liberi

196 2640 289 2694 perce,
302 2623 381 2696 gravi
393 2622 541 2678 metuende
553 2621 661 2695 thyrsol

120 2714 177 2770 Fas
186 2716 349 2786 pervicaces
357 2722 399 2769 est
409 2714 479 2768 mibi
491 2712 640 2786 Thyiadas,

120 2790 240 2859 vinique
253 2789 367 2852 iontem,
381 2788 459 2843 lactis
470 2796 496 2842 et
507 2786 607 2848 uberes
709 2832 712 2836 .
