2159 3150
397 275 540 352 nisan.

96 414 123 461 et
134 423 197 460 ossa
212 404 247 461 ab
260 422 306 460 ore
318 414 394 477 rapta
404 406 515 461 ieiunae
528 409 605 462 canis

135 479 255 535 flammis
267 480 347 535 aduri
358 480 506 536 Colchicis.

96 555 131 611 tt
142 555 272 627 expedita
283 555 401 628 Sagana,
413 572 463 627 per
472 565 554 611 totam
566 556 677 613 domurn
872 572 897 616 25

134 647 271 705 spargens
280 630 431 686 Avernales
440 647 535 702 aquas,

95 705 188 762 horret
198 706 313 779 capillis«
321 716 352 760 ut
362 707 486 761 marinus
494 707 600 780 asperis

134 780 253 837 echinus
263 790 309 836 ant
318 797 432 836 currens
442 797 518 852 aper.

96 856 200 912 Abacta
210 857 285 911 nulla
297 856 365 912 Veia
376 857 544 912 conscientia

134 931 278 1004 ligonibus
287 931 366 986 dumo
376 931 492 986 humum

95 1006 288 1071 exhauriebat,
300 1007 445 1080 ingemens
455 1005 605 1068 laboribus,

132 1098 190 1155 quo
202 1091 294 1154 posset
307 1082 430 1137 infossus
439 1098 509 1153 puer

95 1157 179 1230 longo
190 1156 236 1212 die
247 1157 292 1212 bis
303 1167 399 1228 terque
409 1166 528 1211 mutatae
538 1154 619 1227 dapis

133 1233 251 1288 inemori
265 1232 431 1304 spectaculo,

95 1323 184 1380 quum
195 1308 429 1380 prominentem,
441 1315 576 1376 quantum
588 1314 696 1360 exstant
706 1321 776 1376 aqua

130 1399 268 1455 suspensa
278 1392 371 1438 manto
384 1397 524 1452 corpora:⁷

94 1467 210 1513 exsucta
221 1459 261 1513 uti
273 1457 395 1513 medulla
405 1467 432 1512 et
443 1455 552 1510 aridum
563 1456 640 1509 iecur

132 1534 235 1589 amoris
245 1541 318 1589 esset
328 1531 469 1605 poculum,

94 1609 271 1665 interminato
281 1625 367 1680 quum
379 1607 464 1662 semel
476 1606 547 1661 lixae
556 1606 619 1660 cibo

131 1684 317 1739 intabuissent
326 1682 459 1757 pupulas.

93 1759 153 1815 Non
165 1758 289 1813 doluisse
300 1758 439 1813 masculae
450 1754 578 1812 libidinis

130 1834 335 1889 Ariminensem
346 1834 461 1896 Foliam,

92 1919 119 1965 et
128 1910 222 1965 otiosa
230 1908 350 1965 credidit
359 1906 489 1981 Neapolis

130 1995 158 2040 et
166 2002 249 2041 omne
259 1986 383 2039 vicinum
393 1982 538 2056 oppidum,

91 2077 164 2132 quae
174 2060 268 2116 sidera
282 2068 423 2115 excantata
432 2074 500 2113 voce
511 2052 643 2111 Thessala

130 2136 281 2208 lunamque
294 2136 370 2190 coelo
382 2134 495 2205 deripit.

91 2210 142 2267 llic
151 2212 314 2266 inresectum
327 2227 409 2266 saeva
420 2208 502 2264 deute
512 2203 600 2260 livido

129 2285 246 2342 Canidia
260 2285 361 2341 rodens
373 2284 513 2356 pollicem,

91 2361 160 2432 quid
171 2359 261 2417 dixit‘l
270 2370 318 2415 aut
326 2362 395 2432 quid
405 2355 509 2415 tacuit‘l
528 2353 566 2409 »Ο
575 2352 658 2408 rebus
669 2353 737 2405 meis

128 2453 199 2492 »non
210 2434 338 2491 infideles
351 2435 479 2498 arbitrae¹

91 2511 167 2567 »Nox
177 2520 204 2566 ct
214 2512 309 2576 Diana,
320 2527 392 2584 quae
400 2507 543 2566 silentium
554 2504 638 2577 regis,

128 2604 242 2642 »arcanc
256 2604 343 2657 quum
357 2586 427 2641 fiunt
439 2598 525 2644 sacra,

92 2679 189 2727 inuno,
203 2679 278 2717 nunc
291 2661 398 2726 adeste,
411 2677 485 2716 nuuc
493 2658 522 2710 in
534 2653 649 2709 hostiles
661 2652 756 2705 ‹lomos

128 2738 214 2792 »iram
228 2748 311 2809 atque
321 2754 424 2793 numen
434 2734 543 2790 vertite.

92 2812 310 2869 »Formidclosae
320 2812 387 2867 dum
398 2813 482 2868 latent
495 2804 576 2862 silvis
592 2801 662 2856 lotoe
