2159 3150
359 314 493 358 LIBER
531 315 573 360 tu.

85 415 147 468 Non
157 414 248 468 incisa
259 414 332 468 notis
342 430 476 468 marmora
486 413 618 484 publicis,

85 507 137 561 per
147 505 219 560 quae
233 489 386 560 spiritumet
398 487 539 544 vitaredit
552 487 632 543 bonis

86 572 151 637 post
161 570 277 618 mortem
287 562 417 627 ducibus,
430 579 484 618 non
495 563 599 618 celeres
611 562 692 638 fugae

87 639 262 710 reiectaeque
275 647 424 693 retrorsum
435 636 597 693 Hannibalis
611 639 710 705 minae,

87 717 154 782 [non
165 712 294 768 incendia
307 712 482 786 Carthaginis
493 711 618 790 impiae]

88 790 159 853 eius,
174 789 223 860 qui
235 788 340 843 domita
351 805 450 843 nomen
461 787 496 842 ab
507 787 600 844 Alrica

88 864 211 918 lucratus
222 862 314 927 rediit,
330 864 433 918 clarius
443 863 568 918 indicant

87 938 195 1003 laudes,
207 955 291 1010 quam
301 938 434 995 Calabrae
445 938 578 993 Pierides.
618 939 723 1010 Neque,
863 951 890 996 tu

86 1016 111 1069 si
122 1013 352 1079 chartaesileant‚
366 1014 441 1086 quod
452 1011 642 1077 benefeceris,
915 1015 917 1018 ’

86 1088 242 1144 mercedem
254 1089 362 1144 tuleris.
401 1087 474 1156 Quid
486 1087 555 1144 loret
566 1088 631 1143 lline

86 1165 274 1237 Mavortisque
284 1182 363 1236 puer,
374 1165 399 1219 si
411 1165 584 1219 taciturnitas

86 1239 208 1296 obstaret
217 1241 324 1295 meritis
338 1239 433 1295 invida
445 1237 573 1296 Romuli?

85 1317 220 1388 Ereptum
230 1315 336 1389 Stygiis
350 1313 481 1370 fluctibus
494 1315 616 1370 Aeacum

86 1392 177 1446 virtus
189 1399 215 1446 et
226 1389 303 1446 lavor
313 1399 340 1446 ct
350 1390 445 1464 lingua
457 1391 612 1462 potentium
651 1459 654 1464 ,

86 1474 181 1521 vatum
192 1466 329 1521 divitibus
339 1474 480 1521 consecrat
491 1465 602 1520 insulis.

86 1543 207 1615 Dignum
220 1541 301 1597 laude
312 1542 404 1597 virum
415 1543 493 1598 blusa
505 1549 578 1597 vetat
587 1539 670 1607 mori,

85 1618 162 1673 coelo
172 1620 250 1674 Musa
262 1617 335 1673 beat.
375 1616 508 1672 Siclovis
518 1617 632 1671 interest

85 1694 188 1765 optatis
200 1692 292 1764 epulis
302 1693 424 1765 impiger
434 1691 577 1747 Hercules:

84 1768 192 1824 clarum
206 1768 380 1842 Tyndaridae
389 1768 469 1822 sidus
484 1766 519 1821 ab
532 1766 636 1822 infimis

84 1862 204 1915 quassus
218 1844 341 1915 eripiunt
351 1842 520 1915 aequoribus
531 1851 617 1897 rates:

84 1929 200 1975 ornatus
213 1919 299 1974 viridi
309 1928 432 1991 tempora
444 1918 575 1991 pampino

84 1995 168 2049 liber
179 2003 242 2050 vota
254 1994 340 2050 bonos
352 1994 429 2049 ducit
442 1993 591 2049 aderitus.

309 2160 475 2221 —qu
517 2160 570 2219 lx.

265 2269 330 2311 no
380 2268 655 2313 nonnruu.

373 2382 545 2395 -un--a

83 2475 173 2511 Lollium
185 2474 314 2519 laudatum,
328 2476 432 2519 praefatur
441 2476 465 2510 de
479 2474 573 2509 cuminis
582 2470 730 2507 immortalitate
739 2469 837 2515 pelenus-

120 2548 172 2582 φησι
185 2539 258 2574 delude
270 2539 374 2581 munifice
387 2538 474 2574 cumulis
483 2539 568 2573 virtuter
578 2536 691 2578 musciani,
706 2532 839 2569 innocentiam

120 2604 164 2638 aina
178 2602 276 2647 imprimis
289 2603 380 2645 extollite
395 2603 417 2637 lu
424 2604 464 2637 bne
472 2604 592 2639 contemtum
599 2600 724 2643 dividar-um,
739 2600 838 2641 Quen

120 2669 205 2702 muron
214 2667 278 2702 emula
287 2676 347 2702 verae
355 2667 442 2711 virtutis,
452 2666 598 2701 commendans.
622 2664 679 2700 lete.
688 2662 740 2699 m.

124 2737 172 2803 Ne
183 2746 252 2818 lorte
263 2748 359 2804 credas
373 2748 528 2810 interitura,
539 2762 621 2817 quae,

126 2824 208 2897 longe
219 2833 361 2879 sonantem
374 2833 453 2877 natus
465 2821 499 2875 ad
510 2819 651 2883 Aufidum,
