2159 3150
309 274 387 321 nte.
406 276 424 321 1.
450 276 538 321 suu.
557 277 602 321 tv.
781 270 828 325 tto

83 377 131 431 llic
143 384 293 448 nuptarum
305 376 406 430 insanit
418 375 567 438 amoribus,
580 375 627 430 hie
637 392 796 446 puerorum;

82 451 157 505 bunc
168 453 243 522 capit
253 452 358 523 argenti
371 451 513 522 splendor;
527 460 619 522 stupet
630 450 727 505 Albius
739 470 814 520 aere;

82 526 127 580 bic
139 534 229 580 mutat
240 542 344 580 merces
354 535 483 598 surgente
494 543 508 579 a
519 526 577 579 sole
588 526 622 579 ad
632 543 705 588 eum,
718 543 773 598 quo

81 602 242 673 vespertina
254 609 327 672 tepet
338 602 426 673 regim
444 604 511 671 quin
523 617 573 672 per
582 600 652 655 mala
667 618 799 675 praeceps
856 617 882 659 to

82 676 178 739 lectur,
190 676 232 731 uti
244 676 338 747 pulvis
349 676 480 730 collectus
492 677 610 739 turbine,
624 677 737 747 nequid

79 768 190 805 summa
201 750 335 822 deperdat
346 760 480 814 metuens,
493 760 539 805 aut
550 750 664 821 ampliet
675 761 704 806 ut
714 770 782 808 rem.

80 826 185 881 Omnes
197 825 226 880 bi
238 834 363 882 metuunt
375 843 479 889 versus,
492 826 575 881 odero
585 835 688 896 poetas.

79 900 100 972 Ἣ
114 902 238 955 Foenum
251 901 333 955 babet
344 902 372 956 in
384 917 477 963 cornu,
490 901 570 973 longe
581 899 660 973 luge:
677 901 827 961 dummodo

575 993 662 1029 risum

80 1052 203 1105 excutiat
215 1050 279 1113 sibi,
293 1068 346 1105 non
359 1050 404 1105 bic
414 1050 543 1120 cuiquam
555 1061 647 1122 parcet
658 1052 759 1120 amic03
855 1065 881 1109 tt

80 1132 106 1179 et
116 1124 314 1197 quodcumque
325 1126 409 1179 semel
420 1125 522 1179 chartis
534 1125 664 1187 illeverit.
675 1144 771 1183 omnes

79 1203 207 1273 gestieta
220 1200 300 1256 luruo
310 1201 456 1256 redeuntes
467 1201 537 1255 scire
550 1201 666 1272 lacuque

79 1283 105 1330 et
114 1292 218 1347 pueros
230 1284 256 1331 et
265 1292 343 1331 anus.
355 1274 520 1349 lupellum,
528 1293 615 1347 pauca
622 1277 715 1349 accipe
721 1289 823 1335 contra.

78 1351 205 1405 Primum
227 1368 278 1424 ego
298 1350 486 1414 mellicium,
507 1350 631 1406 dederim
646 1352 750 1423 quibus
764 1372 825 1411 esse

575 1436 679 1498 poetas,

79 1501 822 1572 excerpamnumeroNequeenimconcludereversum
854 1512 880 1557 to

80 1575 188 1632 dixeris
200 1594 261 1631 esse
271 1578 351 1644 satis;
364 1593 463 1647 neque,
475 1579 500 1631 si
513 1578 577 1648 quis
587 1578 698 1643 scribat,
715 1581 753 1634 uti
765 1599 824 1645 nos,

79 1652 202 1706 sermoni
214 1653 351 1723 propiora,
364 1661 443 1722 putes
455 1652 528 1707 hunc
537 1671 598 1707 esse
608 1663 726 1725 poetam.

79 1729 228 1799 ingenium
239 1727 285 1780 cui
297 1727 346 1789 sit,
359 1729 403 1780 cui
417 1745 493 1781 mens
503 1728 625 1783 divinior
636 1738 717 1799 atque
727 1746 757 1784 os

77 1819 178 1874 magna
190 1810 360 1865 senatorum,
372 1801 421 1855 des
432 1803 552 1856 nominis
562 1803 646 1858 huius
656 1803 797 1859 honorem.

77 1876 184 1932 ldcirco
195 1876 320 1946 quidam,
333 1877 472 1932 comoedia
484 1895 569 1932 necne
580 1895 675 1949 poema
853 1887 878 1933 tt

77 1962 160 2016 esset,
173 1954 347 2022 quaesivere,
359 1953 432 2022 qtrod
444 1969 505 2007 acer
516 1954 630 2024 spiritus
641 1971 672 2008 ac
684 1955 725 2008 vis

77 2045 128 2082 nec
141 2027 236 2081 verbis
247 2044 296 2081 nec
307 2027 389 2080 rebus
401 2027 486 2087 inest,
502 2029 556 2081 nisi
567 2028 641 2098 quod
653 2029 721 2099 pede
733 2037 805 2084 certo

77 2102 170 2157 dillert
181 2103 312 2165 sermoni,
325 2119 414 2156 sermo
425 2119 526 2156 merus.
555 2101 578 2176 l
591 2104 625 2156 ‚tr
635 2114 711 2174 pater
724 2104 823 2158 ardens

77 2179 177 2240 saevit,
191 2177 266 2248 qrrod
279 2179 420 2232 meretrice
433 2193 516 2248 nepos
527 2179 641 2232 insanus
653 2179 740 2234 amica

77 2254 278 2307 liliusuxorem
291 2253 462 2325 grandicum
474 2247 662 2313 doterecuset.
854 2265 879 2306 50

77 2329 173 2382 ebrius
185 2335 221 2391 et,
235 2344 365 2398 magnum
377 2327 450 2398 qrrod
463 2325 593 2390 dedecus,
605 2328 726 2383 ambulet
737 2338 798 2383 ante

78 2414 186 2457 noctem
200 2420 262 2457 cum
276 2401 393 2456 facibus.
406 2401 578 2475 llNumquid
588 2403 753 2473 Pomponius
764 2404 823 2457 istis

77 2479 187 2532 audiret
200 2479 313 2541 leviora,
327 2479 436 2548 patersi
450 2475 573 2531 viveret?
592 2477 663 2550 Ergo

77 2571 129 2607 non
143 2555 211 2607 satis
223 2563 265 2606 est
275 2553 353 2624 puris
365 2569 473 2606 versum
485 2551 655 2623 perscribere
667 2553 769 2614 verbis

76 2646 161 2699 quem
173 2647 197 2682 st
191 2627 357 2691 dissolvas,
373 2627 467 2698 quivis
478 2626 662 2681 stomachetur
672 2628 766 2681 eodeni
854 2637 878 2677 55

77 2720 132 2773 quo
145 2711 309 2775 personatus
319 2711 398 2774 pacto
409 2712 495 2772 pater.
518 2703 575 2764 llis,
591 2718 641 2773 ego
651 2718 721 2773 quae
734 2719 814 2762 nunc.

76 2779 145 2832 olim
157 2795 229 2847 ottae
240 2778 352 2848 scripsit
363 2776 497 2839 Lucilius
511 2777 612 2846 eripias
623 2775 646 2829 s'
