2159 3150
286 254 365 297 cru.
388 255 422 297 11.
446 254 535 300 sar.
557 255 637 301 vni.
787 252 838 304 235

77 355 247 425 »praecincti
260 365 334 408 recto
345 354 424 425 pueri
436 356 577 426 comtique
587 356 763 412 ministrent?
869 371 895 413 το

77 429 173 487 »udde
186 429 237 483 boe
247 438 388 501 praeterea
399 447 496 493 casus,
509 432 606 486 aulaea
617 441 698 487 ruant
708 434 743 497 si,

78 515 122 559 unt
137 504 236 572 mod03
251 506 275 559 si
287 506 410 577 patinam
423 505 493 577 pede
506 508 602 577 lapsus
613 505 723 580 frangat
734 524 828 581 agaso.

77 579 148 635 »Sed
161 580 359 645 convivatoris,
373 583 415 635 uti
427 582 517 645 ducis,
531 582 678 655 ingenium
689 600 733 637 res

76 655 230 711 »adversae
244 656 350 711 nudare
361 656 461 720 solent,
476 658 568 712 celare
577 657 745 713 secundae«

77 730 252 787 Nasidienus
269 732 303 786 ad
319 731 401 788 haec:
425 733 503 787 »Tibi
515 732 559 796 di,
572 749 767 807 quaecumque
776 752 842 807 pre·

585 825 668 873 ceris,
871 822 897 865 15

77 881 240 937 »commoda
255 882 335 938 dent:
361 884 398 939 ita
409 884 453 937 vir
463 882 555 937 bonus
565 900 595 938 es
606 885 783 956 convivaque
794 902 842 941 co·

587 977 677 1027 m1s5c

78 1043 105 1087 et
115 1032 210 1088 soleas
221 1034 321 1104 poscit.
357 1034 428 1088 Tum
442 1036 472 1088 in
483 1034 556 1090 lecto
566 1050 679 1106 quoque
690 1034 801 1090 videres

78 1108 200 1163 stridere
212 1117 317 1163 secreta
328 1108 437 1165 divisos
447 1126 514 1165 aure
528 1127 669 1165 susurros.

78 1203 137 1239 non.
156 1184 257 1239 Nullos
267 1184 313 1239 his
327 1184 440 1239 mallem
454 1184 535 1241 ludos
546 1194 700 1257 spectasse;
717 1184 767 1239 sed
777 1184 826 1240 illa

79 1259 179 1324 redde,
192 1276 254 1333 age,
267 1276 339 1331 quae
351 1260 484 1332 deinceps
494 1261 595 1316 risisti.
616 1279 692 1319 rouo.
708 1260 842 1316 Vibidius

589 1336 657 1391 dum
874 1346 900 1389 so

81 1411 195 1482 quaerit
205 1410 240 1465 de
251 1411 358 1482 pueris,
371 1427 439 1465 num
450 1412 487 1465 sit
497 1426 611 1483 quoque
623 1411 706 1467 lraota
722 1413 829 1483 lagena,

80 1486 160 1557 quod
171 1486 229 1540 sibi
244 1486 369 1558 poscenti
380 1503 435 1541 non
447 1485 549 1541 dentur
559 1488 671 1558 pocula,
686 1486 811 1557 dumque

81 1561 191 1618 ridetur
203 1560 276 1617 lictis
288 1579 392 1624 rerum,
404 1562 551 1617 Balatrone
562 1562 697 1627 secundo,

80 1637 246 1702 Nasidiene‚
262 1637 337 1692 redis
350 1646 469 1694 mutatae
482 1636 591 1703 frontis,
605 1648 636 1694 ut
646 1648 704 1694 arte

82 1711 285 1770 emendaturus
297 1713 450 1780 fortunam
474 1713 578 1769 deiude
590 1716 705 1786 sequuti
876 1722 901 1765 ⁸5

81 1805 247 1844 mazonomo
257 1789 338 1860 pueri
350 1805 450 1862 magno
460 1789 600 1862 discerpta
610 1789 730 1845 ferentes

82 1865 212 1920 membra
223 1865 313 1938 gruis,
326 1865 418 1936 sparsi
430 1864 488 1920 sale
500 1866 599 1930 multo,
613 1883 667 1920 non
678 1867 740 1919 sine
752 1863 833 1928 larre,

83 1940 244 2014 pinguibus
256 1949 283 1995 et
294 1939 355 1994 licis
366 1949 477 2012 pastum
488 1941 566 1995 ieeur
577 1941 685 1996 anseris
695 1939 786 2003 albae,
822 1941 824 1943 ’

84 2025 112 2072 et
122 2016 253 2087 leporum
263 2015 387 2080 avulsos,
399 2024 431 2071 ut
440 2017 528 2072 multo
537 2019 666 2080 suavius,
682 2033 783 2076 armos,

84 2091 456 2164 quamsioumlumbisquis
467 2091 535 2146 edit.
557 2090 850 2164 Tumpeotoreadusto
875 2099 902 2143 tt

86 2167 213 2223 vidimus
226 2175 253 2221 et
263 2166 385 2222 merulas
395 2168 462 2238 poni
474 2176 502 2223 et
511 2167 573 2222 sine
583 2168 666 2223 clune
676 2167 835 2239 palumbes,

85 2260 190 2298 suaves
200 2259 256 2306 res,
267 2243 293 2297 si
304 2259 358 2298 non
373 2259 472 2297 causas
482 2251 605 2298 narraret
616 2260 710 2301 earum
725 2253 751 2296 et

86 2327 202 2373 naturas
213 2317 359 2382 dominus,
373 2335 459 2389 quem
473 2335 523 2374 nos
533 2319 576 2374 sio
586 2318 711 2393 fugimus
722 2318 785 2383 ulti.

85 2402 118 2448 nt
129 2393 203 2449 nibil
215 2393 329 2448 omnino
338 2403 524 2468 gustaremus,
538 2395 615 2450 velut
625 2394 685 2450 illis

87 2468 208 2526 Canidia
218 2466 349 2533 afflasset,
362 2470 440 2540 peior
449 2470 628 2541 serpentibus
638 2468 725 2525 Afris.
877 2475 904 2521 u
