2159 3150
271 274 348 319 eurr.
369 277 404 320 11.
432 277 577 322 nrrrsr.
597 279 616 321 1.
769 274 831 330 275*

61 377 197 446 comperit
207 375 345 430 invidiam
357 393 488 448 supremo
504 377 559 432 fmo
570 378 688 447 domari.

61 451 117 506 Urit
127 452 206 506 enim
218 450 326 524 fulgore
337 469 397 516 suo,
412 453 462 523 qui
473 465 639 526 praegravat
649 463 722 510 artes

60 526 131 581 infra
141 544 172 582 se
182 527 302 598 positas;
316 527 471 582 exstinctus
482 529 623 584 amabitur
634 530 721 585 idem.

60 603 202 657 Praesenti
212 602 263 657 tibi
275 611 398 659 maturos
413 604 550 676 largimur
561 605 689 666 bonores,
850 623 877 666 15

59 677 249 748 iurandasque
258 687 338 734 tuum
349 696 400 752 per
410 696 513 734 numen
527 682 660 752 ponimus
672 699 745 747 aras,

59 753 98 808 nil
108 754 246 809 oriturum
257 754 336 820 alias,
352 755 392 810 nil
403 765 494 810 ortum
505 755 561 812 tale
576 755 704 812 fatentes.

59 828 113 884 Sed
124 837 192 884 tuus
202 828 249 884 hio
259 831 391 902 populus,
405 832 519 902 sapiens
530 840 558 886 et
569 832 661 888 iustus
672 834 701 887 in
713 851 779 898 uno,

58 912 84 959 te
94 906 199 960 nostris
213 905 343 968 ducibus,
359 915 386 962 to
397 907 490 964 Graiis
504 908 693 974 anteferendo‚

58 989 165 1036 caetera
180 998 357 1054 nequaquem
371 983 459 1037 simili
470 984 576 1038 ratione
586 982 724 1056 modoque
848 997 876 1041 20

58 1059 187 1112 aestimat
198 1066 233 1122 ot,
250 1059 304 1112 nisi
315 1075 388 1130 quae
398 1060 479 1113 terris
489 1068 595 1114 semota
606 1061 724 1131 suisque

58 1132 234 1204 temporibus
246 1133 377 1190 defuncta
388 1135 476 1198 videt,
489 1133 598 1191 fastidit
608 1144 635 1191 et
645 1136 718 1190 odit:

57 1209 99 1263 sio
110 1209 203 1264 fautor
213 1219 349 1274 veterum,
361 1218 393 1265 ut
405 1210 514 1265 tabulas
524 1228 640 1282 peceare
653 1221 786 1275 vetantes,

57 1301 127 1356 quas
138 1283 184 1339 bis
195 1286 321 1356 quinque
331 1287 386 1340 viri
397 1296 559 1350 sanxerunt,
574 1286 685 1341 foedera
696 1305 794 1362 regum

56 1361 102 1415 uel
113 1360 214 1416 Gabiis
226 1360 269 1414 vel
282 1378 346 1415 oum
357 1361 457 1434 rigidis
469 1371 585 1433 aequata
596 1362 720 1426 Sabinis,
845 1375 873 1418 25

56 1435 222 1508 pontificum
235 1436 331 1501 libros,
344 1453 447 1492 annosa
459 1438 602 1492 volumina
614 1447 718 1502 vatum,

57 1512 167 1566 dictitet
178 1511 286 1567 Albano
297 1513 392 1568 Musas
403 1513 432 1566 in
443 1521 536 1568 monte
546 1514 685 1585 loquutus.

58 1588 98 1653 Si,
114 1590 184 1659 quia
196 1588 364 1644 Graecorum
376 1598 442 1644 sunt
455 1590 651 1661 antiquissima
661 1606 791 1661 quaeque

57 1665 163 1736 scripta
175 1664 220 1718 vel
231 1666 346 1736 optima,
362 1666 476 1720 Romani
492 1674 645 1736 pensantur
658 1665 755 1720 eadem

56 1741 210 1811 scriptores
221 1741 334 1803 trutina,
347 1758 400 1795 non
413 1740 540 1812 estquod
552 1740 639 1795 multa
651 1740 813 1812 loquamur:
846 1749 874 1793 30

56 1816 95 1871 nil
108 1816 182 1870 intra
195 1823 237 1870 est
249 1816 348 1879 oleam,
362 1816 401 1870 nil
414 1824 491 1871 extra
502 1824 544 1871 est
555 1817 583 1870 in
595 1832 666 1870 nuee
680 1816 759 1883 duri;

55 1893 190 1946 venimus
204 1890 238 1944 ad
249 1908 390 1947 summum
403 1891 538 1955 fortunae-
550 1892 696 1963 pingimus
708 1902 793 1963 atque

55 1966 209 2039 psallimus
221 1975 248 2021 et
259 1966 395 2022 luotamur
406 1967 522 2023 Achivis
533 1967 643 2022 doctius
655 1967 757 2021 unctis.

56 2042 85 2097 Si
101 2043 221 2097 meliora
236 2042 307 2107 dies,
320 2054 351 2098 ut
361 2044 437 2106 vina,
454 2052 581 2115 poemata
591 2041 697 2107 reddit,

54 2120 130 2174 seire
140 2118 349 2182 velim‚ohartis
360 2121 480 2190 pretium
491 2129 594 2191 quotus
605 2128 713 2190 arroget
724 2135 825 2173 annus.
845 2128 873 2172 35

54 2194 185 2266 Scriptor
195 2194 298 2249 abbino
309 2212 395 2249 annos
405 2205 516 2250 eentum
526 2194 577 2265 qui
588 2193 703 2257 decidit,
717 2195 790 2249 inter

53 2270 196 2343 perfectos
207 2280 370 2341 veteresque
382 2269 478 2324 referri
493 2270 584 2333 debet,
600 2288 635 2325 an
646 2271 719 2325 inter

54 2346 129 2401 viles
141 2356 225 2417 atque
236 2344 341 2401 novos?
358 2346 497 2401 Excludat
510 2346 602 2418 iurgia
614 2344 688 2399 finis.

53 2421 78 2496 fi
94 2424 160 2477 »Est
174 2431 255 2476 vetus
273 2430 356 2493 atque
372 2422 490 2492 probus,
513 2429 626 2476 eentum
640 2422 691 2493 qui
705 2420 816 2492 perficit

561 2513 675 2551 annosa

53 2571 191 2646 ithuid
203 2573 253 2643 qui
263 2572 383 2643 deperiit
397 2572 488 2627 minor
500 2589 556 2626 uno
570 2589 665 2626 mense
675 2572 721 2626 vel
733 2587 814 2635 anno,
846 2576 873 2623 lt

53 2651 129 2702 inter
138 2664 209 2719 quos
220 2647 382 2702 referendus
394 2647 465 2702 erit?
486 2656 630 2702 veteresne
640 2656 746 2718 poetas,

54 2740 89 2777 an
101 2740 174 2794 quos
185 2733 212 2777 et
222 2740 354 2794 praesens
366 2732 392 2777 et
404 2732 512 2795 postera
523 2731 636 2793 respuat
648 2721 741 2777 aetas?

53 2798 79 2871 il
91 2800 161 2854 »iste
172 2799 287 2871 quidem
300 2808 406 2853 veteres
417 2800 489 2853 inter
500 2797 618 2869 ponetur
632 2798 757 2861 honeste,
