2159 3150
281 327 330 376 300
553 331 608 375 DE
631 331 752 377 ARTE

223 442 264 486 tto
279 430 313 485 At
324 429 408 484 vestri
419 429 516 500 proavi
525 429 667 484 Plautinos
677 438 704 483 et
715 447 843 484 numeros
853 443 879 484 et

282 505 431 560 laudavere
441 504 524 568 sales,
540 505 658 559 nimium
671 505 806 576 patienter
820 515 982 576 utrumqne,

281 598 315 634 ne
326 579 417 634 dicem
427 579 521 643 stulte,
533 579 641 645 mireti3
657 581 681 633 si
694 579 775 634 modo
785 596 837 652 ego
846 589 874 633 et
883 597 934 634 vos

280 656 385 710 scimus
398 653 568 709 inurbanum
579 654 672 726 lepido
683 671 815 725 seponere
824 653 900 709 dieto

280 731 494 802 legitimumque
505 745 604 784 sonum
615 729 713 802 digitis
723 729 857 783 callemus
867 737 894 784 et
905 746 983 784 aure.

224 815 264 860 200
316 807 443 878 ignotum
453 805 575 878 tragicae
588 821 678 877 genus
688 804 830 859 invenisse
843 803 981 858 Camenae

282 881 394 940 dicitur.
407 889 434 934 et
443 879 576 950 plaustris
587 881 698 934 vexisse
707 887 833 949 poemata
848 879 978 950 Thespis,

280 973 351 1026 quae
362 963 491 1010 canerent
501 964 670 1028 agerentque
680 955 806 1025 peruncti
817 953 944 1009 faecibus
952 971 1011 1008 ora.

281 1030 345 1085 Post
355 1030 430 1085 hunc
440 1046 574 1101 personae
583 1030 730 1101 pallaeque
739 1037 861 1100 repertor
871 1029 1002 1084 honestae

281 1104 437 1178 Aeschylus
449 1113 475 1159 at
486 1104 604 1159 modicis
617 1104 746 1159 instravit
755 1104 864 1175 pulpita
875 1105 973 1176 tignis,

225 1189 265 1234 200
280 1188 307 1235 00
317 1179 411 1234 docuit
420 1195 609 1252 magnumque
620 1179 696 1249 loqui
708 1179 816 1250 nitique
826 1177 972 1234 cothurno.

282 1253 423 1309 Successit
435 1262 516 1308 vetus
530 1253 575 1308 his
585 1253 737 1316 comoedia,
750 1270 803 1307 non
815 1254 876 1307 sine
886 1253 974 1308 multa

283 1328 378 1395 laude3
396 1327 446 1383 sed
457 1329 486 1382 in
498 1329 599 1383 vitium
610 1328 724 1383 libertas
735 1327 840 1382 excidit
853 1336 880 1382 et
891 1329 950 1383 vim

281 1403 395 1476 dignam
407 1403 468 1475 lege
479 1402 553 1475 regi:
574 1402 620 1458 lex
630 1412 672 1458 est
684 1411 804 1473 accepta,
817 1403 976 1474 chorusque

282 1479 400 1550 turpiter
412 1477 531 1533 obticuit
540 1477 651 1533 sublato
661 1478 722 1532 iure
733 1477 858 1532 nocendi.
918 1525 921 1529 .

226 1563 266 1609 205
279 1552 324 1609 Nil
336 1555 500 1609 intentatum
511 1554 598 1609 nostri
612 1553 720 1625 liquere
729 1560 839 1624 poetae;

284 1645 335 1684 nec
345 1629 493 1683 minimum
505 1646 631 1684 meruere
641 1630 736 1692 decus,
752 1628 870 1700 vestigia
880 1626 988 1683 Graeca

282 1704 344 1767 ausi
357 1702 484 1759 deserere
495 1713 522 1759 et
531 1703 672 1759 celebrare
682 1704 832 1758 domestica
843 1701 924 1767 lacta,

284 1778 328 1834 vel
343 1779 392 1849 qui
406 1787 562 1850 praetextas
574 1779 618 1834 vel
629 1779 679 1850 qui
689 1777 807 1832 docuere
817 1785 934 1849 togatas.
1021 1812 1024 1817 .

283 1855 340 1908 Neo
350 1855 453 1909 virtute
463 1854 533 1909 foret
543 1854 682 1925 clarisque
694 1853 835 1925 potentius
844 1851 938 1918 armis,
954 1870 958 1875 ·

227 1939 267 1984 200
282 1946 366 2001 quem
379 1929 485 2001 lingua,
497 1929 618 1993 Latium,
630 1930 654 1982 si
666 1945 720 1983 non
730 1925 880 1982 offenderet
893 1942 999 1981 unum-

283 2020 424 2075 quemque
433 2012 576 2075 poetarum
589 2004 672 2059 limae
683 2002 798 2058 laboret
808 2018 894 2057 mora.
919 2001 985 2066 Vos,
1000 2018 1018 2057 o

284 2076 1037 2151 Pompiliussanguis.cermenreprehendite‚qucdnon

285 2153 372 2209 multa
382 2154 444 2208 dies
453 2162 481 2209 00
494 2154 581 2209 multa
593 2154 674 2209 litura
687 2154 809 2208 coercuit
822 2160 905 2222 atque

285 2227 438 2301 perfectum
450 2228 544 2283 decies
558 2246 611 2283 non
622 2228 770 2300 castigavit
780 2227 814 2281 ad
825 2242 961 2299 unguem.

229 2315 269 2358 205
320 2304 466 2376 Ingenium
476 2304 578 2358 misera
588 2304 655 2374 quia
665 2301 830 2357 fortunatius
843 2309 901 2356 0000

284 2378 373 2433 credit
382 2386 409 2433 00
419 2378 545 2436 excludit
554 2394 636 2433 sanos
646 2377 777 2432 Helicone
785 2386 879 2448 poetas

285 2454 467 2516 Democritus,
481 2454 552 2508 bona
562 2470 627 2525 pars
637 2469 692 2507 non
703 2468 811 2523 ungues
822 2466 925 2521 ponere
936 2457 1026 2513 curat,

287 2544 341 2581 ucn
352 2526 476 2591 barbam,
494 2537 599 2582 secreta
609 2530 679 2598 petit
689 2527 757 2589 loca,
773 2526 870 2579 balnea
882 2525 963 2579 vitat.

286 2601 467 2655 Nanciscetur
478 2604 553 2656 enirn
564 2602 682 2673 pretium
694 2616 849 2670 nomenque
862 2608 971 2671 poetae,

232 2682 271 2725 ato
285 2674 310 2726 si
321 2674 411 2728 tribus
424 2675 566 2749 Anticyris
579 2683 662 2746 caput
677 2676 833 2730 insanabile
846 2690 1007 2745 numquam

289 2748 391 2802 tonsori
402 2749 499 2803 Licino
509 2750 689 2805 commiserit.
719 2748 803 2822 Oego
814 2750 921 2812 laevus,

289 2820 337 2889 qui
349 2838 453 2893 purgor
463 2822 549 2878 bilem
560 2824 615 2878 sub
625 2824 705 2878 verni
716 2825 847 2895 temporis
858 2824 973 2879 horarnl
