2159 3150
328 310 403 353 Liri.
424 310 454 353 ΙΙ.
486 310 535 353 SA
546 310 578 352 T.
600 309 662 353 vll.
824 304 870 356 23i

116 427 173 466 ram
185 427 257 483 vaga
269 410 394 481 prosiliet
410 408 494 463 irenis
507 419 603 463 natura
614 409 737 464 remotis.

115 487 195 541 Tunc
206 485 423 549 mihidominus,
440 484 875 559 rerumimpcriishominumqua
903 500 929 545 15

116 570 156 617 tut
165 562 307 690 mntisrpua
318 559 426 615 minor?
436 577 519 631 quem
530 569 572 615 tar
583 560 709 615 vindicta
719 574 873 635 quaterque

116 638 248 708 imposita
279 636 334 691 aud
345 653 478 708 umquam
488 638 589 691 misera
602 634 751 691 formidine
761 640 872 710 privet?

115 711 197 767 Adde
208 729 302 783 super,
315 712 399 768 dictis
409 711 484 783 quod
498 730 553 767 non
567 712 639 767 lavis
650 712 754 767 valeat:
768 731 832 771 nam

114 789 177 842 sive
188 789 312 842 vicarius
322 797 373 853 est,
389 789 437 859 qui
450 805 531 844 servo
541 795 619 860 parat
629 817 668 829 -
681 788 722 842 uti
734 806 793 845 moa

114 871 208 918 vester
219 864 305 917 ait-
317 879 367 919 scu
378 880 543 931 conservus3
566 863 618 918 tibi
630 862 700 935 quid
711 881 773 921 aum
787 866 858 940 ago?

615 939 723 1011 Nempe
774 1004 779 1009 ⁸
899 954 927 1000 aa
974 989 977 994 ,

113 1022 155 1077 iu.
170 1012 242 1068 mihi
253 1015 303 1084 qui
318 1015 470 1085 imperitas,
483 1013 547 1068 aliis
558 1015 649 1068 servis
660 1015 745 1069 miser
755 1025 838 1089 atqua

113 1088 237 1151 ducaris,
253 1096 284 1144 ut
297 1092 391 1143 nervis
401 1089 502 1145 alicnis
512 1089 617 1145 mobile
629 1090 748 1162 iignum.

112 1163 249 1231 Quisnam
262 1166 348 1237 igitur
358 1162 449 1219 liber?
468 1164 595 1236 Sapiens,
607 1165 663 1220 sibi
673 1166 724 1237 qui
736 1168 869 1239 imparia-

617 1258 676 1305 sus,

112 1330 199 1388 quem
221 1333 311 1387 neque
327 1318 475 1387 pauperies
495 1333 585 1387 nequa
601 1333 675 1371 mora
693 1334 784 1390 nequa
807 1319 870 1375 vin-

615 1393 677 1447 cula
693 1401 805 1459 terrant,

111 1484 277 1539 responsare
289 1466 481 1539 cupidinibus,
493 1476 670 1524 contemnere
679 1468 797 1525 honorae
899 1483 924 1527 aa

111 1542 203 1610 fortis,
215 1551 244 1599 et
253 1544 281 1598 in
292 1560 322 1600 sa
333 1544 394 1615 ipso
406 1552 487 1606 ictus,
503 1552 576 1598 teres
587 1554 670 1616 atqua
681 1543 827 1612 rotundus,

111 1619 220 1676 externi
233 1637 267 1676 na
278 1619 348 1692 quid
360 1619 449 1675 valeat
460 1636 509 1691 per
520 1620 582 1674 leva
593 1622 705 1685 morari,

111 1696 142 1750 in
153 1712 238 1767 quem
253 1713 349 1750 manca
364 1696 420 1751 ruit
430 1713 542 1767 semper
553 1695 672 1752 fortuna.
700 1698 817 1753 Potesne

110 1789 148 1826 ax
159 1771 204 1827 bis
215 1779 246 1827 ut
256 1771 399 1843 proprium
409 1771 478 1842 quid
490 1770 622 1826 noscare?
630 1771 868 1844 Quinquaulenu

110 1847 202 1919 poscit
212 1855 239 1901 tc
250 1846 364 1913 muiicr3
383 1856 464 1902 vexat
476 1846 640 1920 foribusque
651 1849 795 1919 repulsum
896 1864 922 1906 aa

109 1921 256 1995 perfundit
265 1923 372 1996 gelida3
394 1940 490 1977 rursus
500 1933 594 1979 vocat:
616 1924 693 1995 eripe
707 1926 782 1996 turpi

110 1998 183 2054 colla
193 1999 274 2071 iugo:
290 1998 399 2064 »Liban
412 1998 567 2054 liberaum«
577 1998 624 2054 dic
634 1999 700 2072 agai
712 1999 772 2054 Non
783 2001 862 2071 quis':

109 2083 193 2148 urget
202 2075 277 2129 anim
288 2074 419 2130 dominus
430 2083 552 2130 ruentem
563 2092 617 2130 non
630 2075 702 2130 lenia
714 2084 742 2130 at
755 2092 829 2131 acres

108 2150 249 2206 subiectat
260 2150 332 2206 lasso
343 2150 472 2206 stimulos
485 2159 635 2222 versatque
646 2160 804 2225 negantem.

107 2226 159 2282 ver
169 2242 259 2298 quum
269 2227 402 2284 Pausiaca
413 2235 514 2298 torpes,
529 2227 638 2291 insana,
649 2226 762 2290 tabella.
894 2240 924 2282 95

107 2303 159 2374 qui
171 2319 271 2374 peccas
286 2304 380 2358 minus
395 2312 478 2374 atqua
492 2319 559 2374 ego,
575 2318 665 2374 quum
678 2302 761 2358 Fulvi
776 2303 865 2358 Rutu-

610 2377 720 2450 bacqua

107 2461 158 2509 aut
166 2452 338 2509 Placidciani
349 2462 476 2510 contento
488 2454 594 2526 poplite
605 2455 691 2510 miror

106 2527 214 2602 proelia
226 2529 338 2585 rubrica
349 2530 422 2602 picta
434 2538 481 2584 aut
492 2529 622 2596 carbona,
633 2529 711 2585 valui
720 2529 745 2584 si

106 2622 138 2661 ra
147 2621 213 2660 vera
223 2614 364 2679 pugnent,
381 2604 481 2661 feriant
492 2606 637 2677 vitantque
648 2613 790 2661 moventes

107 2698 184 2736 arma
199 2680 273 2736 viri?
291 2682 417 2753 Nequam
428 2691 455 2736 et
465 2689 586 2736 cessator
595 2683 703 2746 burun
719 2681 818 2753 atipsa
879 2692 919 2735 aaa

105 2756 222 2812 subtilis
235 2768 359 2813 veterum
370 2757 457 2813 iudex
468 2769 495 2812 ct
504 2754 625 2812 callidus
635 2754 728 2812 audis.

105 2833 152 2890 Nil
165 2850 227 2906 ego,
239 2834 265 2888 si
277 2833 364 2888 ducor
377 2833 435 2889 libo
446 2831 585 2888 fumante:
597 2831 651 2888 tibi
662 2834 762 2905 ingens
