2159 3150
207 277 242 332 'lo
493 281 682 328 oblaturi

284 382 313 438 Si
330 381 432 437 lractus
442 379 575 438 illabatur
584 381 671 448 orbis,

318 456 495 529 impavidum
505 455 606 512 ferient
616 459 724 513 ruinae.

245 559 302 614 llac
313 565 370 613 erte
380 556 481 613 Pollux
490 565 518 613 et
528 573 619 631 vagus
630 559 761 614 Hercules

150 643 177 690 le
243 634 339 689 enisus
350 649 427 688 arces
436 633 529 706 attigit
537 633 649 707 igneas:

282 725 353 780 quos
366 708 439 765 inter
447 707 593 782 Augrrstus
604 708 770 765 recumbens

315 799 458 856 purpureo
472 782 550 838 bibet
559 800 606 839 ore
620 792 724 840 nectar.

242 885 298 941 Hac
308 892 335 941 te
346 892 508 948 merentem.
520 883 627 940 bacche
637 894 725 957 pater,
738 894 801 942 tuae

243 977 345 1016 vexere
355 960 451 1033 tigres,
462 959 580 1015 indocili
591 959 621 1014 iu
662 978 690 1015 m

149 1044 174 1090 ts
280 975 755 1102 collotrabentes.llac5i1irinus

314 1110 410 1166 Martis
421 1110 503 1182 equis
513 1109 669 1166 Acheronte
680 1109 763 1185 fugit,

239 1230 349 1294 gratum
360 1220 492 1291 eloquuta
502 1219 718 1276 consiliantibus

240 1297 344 1351 lunone
354 1294 444 1352 divis:
461 1295 543 1358 Ilion,
557 1295 628 1350 Ilion

277 1368 370 1427 fatalis
380 1369 660 1442 incestusqueiudex

319 1455 346 1500 et
356 1445 458 1500 mulier
469 1447 617 1518 peregrina
631 1448 714 1501 vertit

238 1555 269 1611 in
280 1555 436 1628 pulverem,
449 1572 486 1611 ex
494 1571 552 1627 quo
562 1553 690 1611 destituit
700 1553 766 1611 deos

239 1630 368 1686 mercede
379 1641 459 1702 pacta
471 1629 639 1695 Laomedon,
651 1631 721 1685 mihi

278 1714 425 1779 castaeque
438 1706 600 1761 damnatum
611 1706 752 1763 Minervae

311 1799 375 1837 cnm
387 1783 491 1854 populo
502 1791 529 1837 et
539 1781 611 1837 duce
622 1779 810 1837 fraudulento.

238 1892 265 1947 le
270 1910 295 1945 m
306 1908 357 1946 nec
369 1892 509 1947 Lacaenae
519 1889 649 1962 splendet
658 1889 800 1946 adulterae

238 1965 361 2023 famosus
373 1966 474 2038 hospes
490 1982 542 2021 nec
552 1966 656 2021 Priami
665 1965 765 2021 domus

274 2043 386 2114 periura
397 2057 541 2115 pugnaces
550 2040 673 2096 Achivos

310 2118 452 2173 Hectoreis
462 2116 565 2189 opibus
576 2114 720 2191 robingin

237 2228 395 2301 nostrisque
405 2224 521 2282 ductum
531 2225 719 2281 seditionibus

237 2301 345 2357 bellurn
355 2301 470 2358 resedit.
509 2302 638 2357 Protinus
649 2309 786 2375 etgraves

276 2380 332 2432 iras
342 2385 368 2432 et
377 2376 502 2432 invisum
512 2386 652 2449 nepotem,

309 2451 389 2507 Troia
399 2468 484 2523 quem
494 2452 604 2524 peperit
617 2451 756 2518 sacerdos.

236 2562 316 2617 llarti
331 2560 481 2615 redonabo.
520 2560 604 2616 lllum
616 2578 667 2634 ego
678 2558 786 2618 lucidas

236 2636 309 2690 inire
319 2635 409 2698 sedes,
422 2635 523 2690 ducere
533 2637 654 2691 nectaris

140 2718 168 2762 85
272 2726 371 2764 succos
384 2718 412 2763 et
422 2708 544 2764 adscribi
555 2712 659 2780 quietis

307 2781 454 2837 ordinibus
464 2784 554 2854 patiar
564 2783 691 2839 deorum.
