2159 3150
280 309 356 351 nin.
378 309 395 350 r
425 308 567 352 urrs'r.
590 309 635 352 vr.
657 310 718 352 vri.
811 304 863 357 ate

107 407 214 473 Quodsi
226 406 323 461 bruma
337 407 415 460 nives
426 405 542 461 Albanis
551 407 642 461 illinet
653 410 736 478 agris,
891 425 916 466 lo

107 482 142 537 ad
155 499 230 536 mare
241 481 394 548 descendet¹
405 491 481 535 vates
493 491 557 536 tuus
568 490 595 536 et
604 481 660 535 sibi
672 492 764 553 parcet

106 565 321 627 contractusque
332 556 418 628 leget,
435 565 470 616 te,
482 555 574 610 dulcis
585 558 681 619 amice,
701 559 802 612 reviset

106 649 172 686 cum
184 631 359 704 Zephyris,si
372 630 517 694 concedeS,
526 631 861 703 ethirundineprima.-

106 708 178 768 Non,
191 722 247 776 quo
258 723 332 759 inore
344 705 421 778 pyris
433 707 508 760 vesci
520 705 636 760 Calaber
645 707 723 760 iubet
737 707 847 778 hospes,

106 791 136 835 tu
148 797 193 835 nte
204 781 295 835 fecisti
306 779 482 851 locupletem.
514 779 675 854 pavescere
686 781 789 836 sodes«
890 797 915 840 15

105 855 214 928 fflrlarn
225 855 292 909 satis
306 865 372 910 est«
398 853 485 928 liudi
494 864 533 918 tu,
547 865 680 926 quantum
692 857 745 918 vis,
759 857 859 912 tollelu

606 929 807 1004 inbenignen

105 1003 127 1076 51
147 1005 221 1058 »Non
232 1003 323 1058 invisa
337 1003 408 1058 iares
418 1007 513 1075 pueris
524 1005 690 1059 narinuscula
699 1008 821 1077 parvis«

104 1077 132 1152 ll
142 1081 224 1132 »Tam
235 1087 329 1132 teneor
338 1078 418 1140 dono,
434 1097 516 1150 apuam
529 1082 552 1132 si
565 1080 689 1134 dimittar
698 1092 841 1136 onustus«

105 1153 131 1225 ql
145 1154 194 1208 »Ut
205 1153 288 1208 libet:
308 1153 376 1208 haec
395 1157 486 1225 porcis
501 1153 583 1208 hodie
593 1155 762 1209 comedenda
773 1156 860 1212 relin-

630 1247 709 1284 nes«

106 1303 246 1375 Prodigus
257 1311 283 1356 et
293 1302 395 1357 stultus
408 1302 500 1366 donat,
513 1319 585 1373 quae
595 1246 701 1375 sllernit
712 1315 739 1358 et
751 1305 823 1360 odit:
887 1317 914 1360 2⁰

106 1377 177 1431 baec
188 1395 268 1450 seges
279 1379 402 1448 ingratos
413 1378 477 1432 tulit
487 1387 513 1432 et
524 1376 592 1432 ieret
602 1380 732 1433 omnibus
748 1381 839 1434 annis.

105 1453 158 1506 Vir
168 1453 258 1506 bonus
270 1460 296 1506 et
308 1453 420 1523 sapiens
430 1451 525 1524 dignis
536 1453 574 1507 ait
585 1470 645 1508 esse
657 1462 777 1524 paratus,

107 1544 160 1583 neo
170 1537 261 1583 tamen
273 1529 391 1600 ignorat,
404 1528 473 1599 quid
484 1528 588 1583 distent
598 1545 660 1584 aera
672 1529 788 1601 lupinis.

107 1605 228 1676 Dignum
241 1603 386 1675 praestabo
399 1620 443 1657 me
454 1605 537 1659 etiam
547 1619 597 1675 pro
607 1604 689 1659 laude
700 1606 842 1660 merentis.
910 1631 912 1635 v

104 1678 214 1745 Quodsi
226 1695 270 1733 me
281 1678 358 1732 noles
369 1695 487 1749 usquam
499 1678 652 1743 discedere,
665 1679 764 1734 reddes
887 1691 914 1735 25

108 1754 178 1808 sorte
190 1752 272 1816 latus,
285 1754 378 1825 nigros
390 1763 505 1826 angusta
517 1752 606 1809 fronte
616 1755 743 1826 capillos,

107 1828 210 1883 reddes
221 1827 304 1882 dulce
315 1828 401 1898 loqui,
417 1828 516 1883 reddes
527 1828 759 1884 rideredecorum
769 1838 796 1883 et

106 1906 182 1958 inter
192 1904 257 1958 vina
270 1902 363 1975 lugam
375 1903 490 1958 Cinarae
502 1921 623 1959 moerere
635 1913 788 1975 protervae.

107 1980 190 2033 Forte
201 1996 250 2051 per
261 1988 406 2052 angustam
417 1980 509 2033 tenuis
524 1979 646 2034 nitedula
657 1980 756 2033 rimam

107 2063 233 2124 repserat
243 2054 272 2107 in
284 2070 422 2107 cumeram
436 2053 576 2118 frumenti,
588 2064 721 2125 pastaque
731 2070 828 2107 rursus
888 2063 914 2107 3⁰

107 2130 151 2182 ire
162 2128 235 2182 foras
246 2127 327 2200 pleno
337 2128 467 2183 tendebat
478 2146 590 2199 corpore
602 2129 711 2184 lrustra.

107 2204 162 2257 Cui
174 2203 291 2257 mustela
303 2202 413 2275 procul:
435 2203 479 2258 nSi
491 2203 549 2257 visu
560 2206 598 2257 ait
612 2202 747 2276 »elingere
756 2204 849 2266 istinc,

108 2295 216 2333 »macra
228 2295 327 2332 cavum
339 2288 446 2349 repetes
458 2286 557 2340 artum,
572 2296 656 2350 quem
667 2296 758 2332 macra
768 2278 897 2333 subisti«

107 2354 166 2407 llao
176 2370 228 2425 ego
239 2356 263 2407 si
275 2354 426 2424 compellor
436 2354 569 2425 imagine,
580 2362 679 2408 cuncta
690 2354 811 2425 resigno.

106 2430 168 2482 Nec
178 2446 306 2484 somnum
316 2428 409 2499 plebis
421 2428 502 2483 laudo
512 2437 589 2483 satur
599 2428 728 2492 altilium,
742 2444 792 2483 nec
890 2437 917 2481 35

104 2503 166 2557 otia
179 2502 289 2558 divitiis
300 2503 422 2558 Arabum
435 2503 575 2558 liberrima
588 2513 673 2559 muto.

108 2577 201 2649 Saepe
215 2578 403 2633 verecundum
416 2578 550 2642 laudasti,
566 2595 671 2649 rexque
682 2586 814 2650 paterque

106 2652 215 2709 audisti
226 2670 327 2717 coram,
341 2670 392 2708 nec
402 2653 486 2708 verbo
496 2655 607 2724 parcius
618 2654 732 2708 absens:

106 2730 230 2799 inspice,
243 2728 267 2783 si
279 2746 393 2800 possum
405 2728 504 2783 donata
514 2746 647 2799 reponere
657 2727 756 2782 laetus.

107 2802 192 2859 llaud
204 2804 277 2859 male
288 2804 479 2865 Telemachus,
491 2804 582 2874 proles
592 2802 724 2873 patientis
734 2800 841 2855 Ulixei:
891 2804 918 2851 to
