2159 3150
526 297 712 344 ODARUM

201 438 204 447 .
279 395 388 467 regium
399 405 471 450 certe
482 412 571 468 genus
581 406 608 452 et
620 397 743 455 Penutee'

351 479 453 525 moeret
463 471 585 543 iniquos.

280 560 377 625 Crede,
390 579 444 617 non
455 562 532 617 illem
545 563 597 618 tibi
607 563 642 618 de
652 565 767 621 sceleste

277 635 361 708 plebe
372 637 517 702 dilectem,
540 656 631 710 neque
644 642 686 695 sie
697 639 818 707 fidelem,

278 713 320 767 sic
331 711 408 768 lucro
419 730 544 767 eversum
555 716 680 785 potuisse
689 717 766 770 nesci

353 795 439 843 matre
450 787 591 859 pudende,

278 879 394 935 Brachia
405 888 432 934 et
443 880 552 936 vultum
563 888 720 953 teretesque
730 899 809 938 surus

278 955 386 1028 integer
398 954 495 1010 laudo:
517 954 583 1029 fuge
593 957 741 1028 suspicari,

278 1030 360 1086 cuius
370 1038 500 1086 octavum
511 1030 662 1103 trepidavit
673 1040 747 1087 aetus

353 1104 483 1162 claudere
495 1106 625 1162 lustrum.

514 1367 542 1442 0
565 1382 589 1441 u
610 1383 634 1442 u
678 1382 709 1442 v.

411 1516 453 1558 AD
467 1515 630 1558 nultum(
643 1515 805 1558 humone.

535 1651 698 1663 ——-

236 1777 267 1812 Au
276 1777 380 1811 {ramum
393 1776 457 1811 adhue
465 1777 539 1817 Lulese
552 1786 597 1811 enee
611 1776 761 1820 sustinendum,
778 1778 834 1812 euin·
845 1781 912 1814 meu
923 1780 997 1817 Mn

299 1840 437 1885 pulchritudo,
446 1840 475 1873 uti
484 1841 504 1875 et
514 1840 577 1882 Gytte
585 1839 649 1883 ριοῐΙ,
659 1840 780 1884 deplentur.
804 1842 861 1877 neu.
873 1842 925 1878 m

275 1927 410 1993 Nondum
422 1937 536 1993 subactu
548 1937 619 1993 ferre
630 1938 727 2011 iugum
741 1937 813 1995 valet

275 2013 393 2077 cervice,
406 2011 528 2068 nondum
541 2014 635 2067 muuie
646 2014 784 2084 comparis

311 2104 429 2160 aequare
439 2104 490 2143 nee
500 2089 571 2144 teuri
583 2088 689 2143 ruentis

345 2164 375 2217 in
386 2180 517 2219 venerem
527 2163 643 2218 tolerare
654 2161 774 2235 pondus.

273 2256 352 2311 Circa
362 2255 484 2310 virentes
494 2263 536 2311 est
547 2256 657 2310 enimus
668 2265 730 2311 tuae

273 2347 385 2402 campos
396 2331 540 2394 iuvencae,
553 2346 628 2385 uuue
639 2327 734 2384 fluviis
744 2346 857 2403 gravem

312 2406 427 2461 solentis
439 2414 556 2470 aestum,
567 2422 643 2460 nunc
654 2405 681 2459 in
695 2404 750 2460 udo

347 2479 443 2537 ludere
453 2498 517 2536 cum
528 2480 627 2537 vitulis
640 2480 737 2535 relicto

273 2573 493 2646 praegestieutis.
534 2572 611 2628 Tulle
621 2570 783 2645 cupidinem

271 2648 390 2704 immitis
400 2663 484 2716 uvue;
497 2648 553 2703 ium
564 2647 616 2703 trbr
629 2646 731 2702 hvrdes

271 2763 273 2767 -
311 2722 466 2795 distinguet
477 2730 644 2777 auctumnus
659 2738 782 2777 racemos

345 2814 485 2870 purpureo
495 2798 590 2852 verius
601 2797 702 2853 cetere.
