2159 3150
198 246 249 300 230
442 251 735 299 sterilensiumv

199 352 362 425 quingentis
373 362 445 407 emto
455 352 596 407 drachmis
607 351 808 424 deprenderis?
829 355 917 411 Aufer

200 444 245 483 me
256 428 336 483 vultu
348 438 459 490 terrere,
471 445 586 482 manum
596 428 827 501 stomachumque
838 441 941 498 teneto,

141 509 168 557 to
202 503 280 567 dum,
293 520 364 575 quae
376 502 498 574 Crispini
511 503 607 559 docuit
617 520 663 559 me
673 504 783 568 ianitor,
796 505 858 561 edo.

199 580 237 634 Te
248 580 352 634 coniux
364 579 455 633 aliena
467 580 550 650 capit,
565 579 742 634 meretricula
754 581 874 636 Davum:

199 662 296 725 peccat
305 662 367 709 uter
377 662 501 709 nostrum
513 671 596 709 cruce
608 653 742 727 dignius?
757 656 835 710 Acris
847 658 897 711 ubi
909 676 957 713 me

200 740 298 783 natura
309 728 438 793 intendit,
451 730 504 784 sub
516 730 590 784 ciare
601 730 676 785 nuda
688 730 802 787 lucerna

198 822 393 876 quaecumque
403 808 514 877 excepit
524 806 663 879 turgentis
673 805 789 861 verbera
798 807 903 861 caudae

142 891 168 934 55
199 880 331 935 clunibus
343 890 389 935 aut
403 882 519 954 agitavit
530 898 636 953 equum
648 881 751 936 lascive
763 883 909 953 supinum.

200 956 317 1011 dimittit
330 972 421 1025 neque
432 955 569 1012 famosum
581 973 673 1027 neque
683 956 845 1020 sollicitum,
858 975 893 1012 ne

200 1032 284 1087 ditior
298 1040 345 1087 aut
358 1030 462 1087 formae
472 1032 598 1088 melioris
609 1033 694 1087 meist
707 1032 815 1087 eodem.

200 1109 241 1163 Tu
255 1124 342 1179 quum
354 1108 486 1178 proiectis
499 1106 671 1179 insignibus,
684 1108 787 1162 annulo
796 1112 922 1179 equestri

199 1184 377 1254 Romanoque
389 1182 497 1248 habitu,
512 1183 609 1255 prodis
620 1200 655 1237 ex
664 1182 759 1237 iudice
771 1184 854 1237 Dema

143 1269 169 1313 55
200 1260 299 1330 turpis.
315 1258 459 1313 odoratum
470 1268 556 1331 caput
568 1256 734 1313 obscurante
746 1257 864 1323 lacerna,

199 1352 254 1390 non
265 1352 295 1389 es
305 1334 380 1406 quod
391 1332 528 1390 simulas?
545 1335 671 1389 Metuens
682 1332 826 1388 induceris
835 1344 921 1407 atque

203 1410 352 1465 altercante
363 1409 533 1465 libidinibus
546 1409 641 1464 tremis
654 1426 716 1463 ossa
728 1425 841 1480 pevore.

201 1484 276 1552 Quid
287 1484 379 1549 refert,
393 1488 447 1550 uri,
459 1486 549 1559 virgis
560 1484 688 1555 ferroque
701 1486 794 1539 necari

202 1570 359 1618 auctoratus
370 1579 427 1620 eas.
439 1580 474 1616 nn
486 1564 562 1634 turpi
574 1560 809 1625 sismusinum,

145 1648 172 1692 to
201 1654 257 1709 quo
268 1647 294 1692 ta
304 1637 417 1692 demisit
427 1638 533 1710 peccati
545 1638 656 1692 conscia
666 1636 773 1701 herilis,

203 1723 374 1768 contractum
384 1713 505 1786 genibus
517 1723 614 1786 tangas
623 1710 724 1784 caput?
742 1713 827 1769 Estne
838 1716 939 1770 marito

201 1797 341 1844 matronae
352 1790 493 1860 peccantis
504 1790 533 1844 in
544 1789 626 1844 umbo
637 1788 709 1842 iusta
720 1788 859 1859 potestas?

203 1866 234 1920 In
246 1873 433 1936 corruptorem
444 1865 490 1920 vei
501 1865 611 1920 iustior.
640 1863 690 1918 liin
701 1858 793 1918 tamen
804 1883 835 1920 se

204 1957 258 1996 non
270 1940 334 1994 habi
340 1950 367 1994 tu
379 1949 502 1994 mutatve
517 1941 577 1995 ioco
587 1947 719 2011 peccatve
729 1957 860 2010 superne.

147 2027 173 2071 55
202 2015 293 2083 Quum
305 2025 331 2070 te
343 2015 471 2071 formidet
482 2016 583 2070 mulier
595 2031 688 2086 neque
697 2014 792 2070 credet
802 2015 917 2078 amenti,

203 2092 260 2146 ibis
270 2091 324 2147 sub
336 2089 442 2146 iuream
452 2091 586 2162 prudens,
599 2091 768 2160 dominoque
780 2089 881 2145 furenti

203 2169 358 2222 committes
371 2185 429 2222 rem
444 2183 556 2221 omnem
571 2175 597 2221 et
613 2167 700 2220 vitam
719 2175 745 2220 et
764 2182 828 2220 cum
843 2183 960 2237 corpore

649 2240 761 2295 famem.

205 2319 314 2373 Evasti:
328 2317 419 2380 credo,
436 2325 544 2372 metues
554 2316 708 2388 doctusque
720 2316 844 2371 cavebis.

203 2392 334 2460 Quaeres,
346 2393 458 2464 quando
469 2395 570 2448 iterum
582 2409 685 2463 paveas
698 2392 855 2462 iterumque
866 2392 961 2460 perire

147 2480 173 2523 to
204 2469 305 2540 possis,
326 2470 433 2524 ototies
447 2469 559 2524 servus!
581 2485 654 2539 quse
665 2466 758 2522 bellua
772 2469 863 2538 ruptis

203 2560 292 2616 quum
302 2545 388 2598 semei
402 2543 508 2618 effugit,
520 2543 612 2598 reddit
621 2561 652 2597 se
662 2560 748 2614 prava
759 2541 883 2597 catenis?

207 2620 281 2674 »Non
292 2635 353 2672 sum
367 2619 512 2676 moechus«
522 2621 578 2686 ais;
592 2636 683 2690 neque
693 2634 754 2692 ego,
766 2617 890 2682 hercule,
903 2616 960 2682 iur,

648 2694 698 2748 ubi
714 2711 779 2748 vase

208 2777 351 2839 praetereo
360 2769 472 2840 sapiens
484 2779 623 2842 argentea.
655 2770 732 2824 Tollo
744 2769 891 2840 periclum,
