2159 3150
378 299 589 377 rondrca.
811 326 864 381 nnn

110 433 222 490 vultum
234 431 318 486 verba
329 431 438 493 decent,
451 432 552 486 iratum
563 431 646 501 plena
656 430 804 495 minarum,

110 508 253 564 ludentem
269 506 383 569 lascive,
399 522 526 561 severum
538 506 610 560 seria
621 504 709 559 dictu.

110 584 221 648 Formet
232 583 306 636 enirn
320 591 415 635 natura
428 581 506 652 prius
520 597 571 635 nos
582 580 658 634 intus
669 579 704 634 ad
714 597 825 636 omnem

111 651 285 714 fortunarum
297 654 433 720 habitum,
446 658 523 710 iuvat
533 664 581 709 aut
590 654 710 726 impellit
723 654 849 722 adirem,

112 743 159 789 aut
170 733 205 787 ad
217 733 333 786 humum
344 747 466 786 moerore
476 731 556 803 gravi
567 729 682 785 deducit
694 738 721 785 et
732 732 822 804 angit3
879 742 919 786 111

110 817 173 881 post
183 807 259 862 effert
273 807 360 862 animi
370 815 460 861 motus
472 806 623 876 interprete
635 805 739 878 lingua·

110 884 141 940 Si
152 882 271 937 dicentis
282 889 363 937 erunt
374 881 491 936 fortunis
502 879 605 935 absona
618 879 703 942 dicta,

113 959 229 1013 Romani
240 956 338 1011 tollent
348 957 456 1028 equites
466 954 630 1026 peditesque
644 955 822 1010 cachinnum.

152 1034 278 1088 lntererit
289 1031 418 1094 multum,
432 1032 560 1085 Davusne
571 1031 699 1101 loquatur
710 1029 838 1093 berusne,

113 1116 276 1162 maturusne
289 1123 376 1168 senex
386 1123 421 1160 an
432 1105 526 1160 adbuc
537 1103 650 1162 florente
664 1106 777 1160 iuventa
882 1115 921 1160 115

112 1181 251 1246 fervidus,
266 1191 292 1237 et
306 1189 430 1237 matrona
440 1188 537 1252 potens
548 1198 582 1234 an
592 1179 690 1235 sedula
704 1181 808 1242 nutrix,

104 1257 282 1326 'mercatorne
296 1273 386 1330 vagus
400 1256 524 1311 cultorne
535 1256 652 1310 virentis
662 1255 756 1326 agelli,

113 1331 234 1388 Colchus
245 1348 279 1386 an
290 1331 432 1405 Assyrius,
448 1330 552 1385 Thebis
563 1330 684 1384 nutritus
694 1349 728 1384 an
739 1330 832 1403 Argis.

112 1406 168 1463 dut
179 1406 280 1462 lamam
290 1423 416 1479 sequere,
429 1414 476 1461 aut
486 1405 543 1459 eibi
554 1404 747 1461 convenientia
760 1405 846 1478 finge.

113 1481 238 1554 Scriptor
248 1481 411 1537 honoratum
421 1481 446 1535 si
457 1479 526 1535 forte
537 1479 650 1551 reponis
659 1478 810 1544 Achillem,
883 1491 923 1535 lto

113 1558 242 1631 impiger,
254 1555 416 1621 iracundus,
429 1555 621 1619 inexorabilis,
634 1572 696 1610 acer

115 1634 177 1689 iura
188 1641 271 1705 neget
280 1632 336 1687 sibi
347 1641 420 1695 neta,
433 1631 504 1686 nihil
516 1649 570 1687 non
582 1641 690 1704 arroget
700 1632 795 1685 armis.

116 1706 159 1764 Sit
168 1708 265 1764 bledea
278 1706 355 1762 ferox
365 1708 533 1779 invictaque,
546 1704 650 1761 flebilis
659 1707 717 1770 lno,

114 1782 241 1856 perfidus
250 1784 339 1847 lxion,
350 1783 379 1838 lo
388 1798 468 1854 vage,
481 1782 569 1836 tristis
578 1780 699 1836 Orestes.

115 1856 147 1913 si
157 1857 414 1929 quidinexpertum
424 1872 524 1911 scenae
534 1856 695 1917 committis,
707 1863 733 1909 et
744 1854 830 1910 audes
883 1865 922 1908 115
986 1920 989 1923 ἢ

114 1949 263 2005 personam
276 1932 394 1988 formare
404 1948 519 1987 novam:
535 1938 663 1986 servetur
673 1929 707 1983 ad
719 1931 817 1991 imum,

72 2021 76 2027 '
115 2008 209 2080 qualis
220 2007 254 2063 ab
265 2008 375 2079 incepto
386 2008 561 2079 processerit,
576 2013 604 2060 et
612 2004 669 2059 sibi
680 2014 795 2059 constet.

153 2082 273 2137 Difficile
286 2090 328 2137 est
337 2083 448 2154 proprie
457 2080 615 2136 communie
625 2079 732 2147 dicers;
749 2089 837 2151 tuque

113 2158 219 2212 rectius
228 2158 343 2213 Iliacum
354 2174 462 2212 carmen
475 2155 592 2211 deducis
603 2156 633 2210 in
643 2163 730 2219 actus,

117 2249 203 2304 quam
216 2232 241 2287 si
252 2231 389 2305 proferres
398 2232 491 2305 ignota
503 2230 664 2302 indictaque
675 2230 793 2301 primus.
884 2240 924 2286 111

114 2306 234 2362 Publica
245 2308 373 2363 materies
384 2307 487 2379 privati
498 2306 569 2361 iuris
579 2306 641 2368 erit,
656 2306 681 2359 si

116 2399 172 2437 non
184 2384 258 2437 circe
268 2381 353 2437 vilem
364 2382 546 2453 patulumque
558 2380 710 2435 moraberis
722 2378 827 2444 orbem,

115 2473 169 2512 nec
180 2457 297 2512 verbum
307 2455 393 2512 verbo
404 2455 515 2511 curabis
526 2456 643 2511 reddere
654 2455 739 2510 lidus,

114 2534 264 2604 interpres,
276 2548 328 2586 nec
341 2531 454 2587 desilies
465 2532 586 2586 imitator
595 2531 625 2585 in
635 2539 736 2592 artum,

115 2606 193 2662 unde
205 2606 305 2679 pedem
315 2606 437 2678 proferre
447 2606 537 2678 pudor
549 2613 623 2660 vetet
633 2614 680 2661 aut
690 2605 782 2677 operis
793 2604 848 2659 lex.
884 2612 924 2657 115

115 2683 175 2737 Nec
184 2683 227 2737 sic
237 2683 366 2754 incipies,
378 2690 409 2737 ut
418 2682 536 2751 scriptor
546 2680 669 2753 cyclicus
679 2681 760 2735 olim:

116 2758 282 2813 »Fortunam
296 2757 401 2811 Priami
411 2755 527 2811 cantabo
537 2764 565 2810 et
575 2755 669 2810 nobile
679 2754 811 2810 bellum«

116 2828 192 2899 Quid
206 2832 325 2905 dignum
335 2839 409 2886 tento
421 2830 488 2886 leret
499 2829 546 2885 bic
555 2831 707 2901 promissor
717 2826 814 2884 biatu‘?

956 2997 1076 3125 fl
