2159 3150
262 306 310 359 m
540 311 728 358 ODARUM

334 427 388 466 uon
399 420 461 466 ante
472 410 599 484 vulgatas
609 427 658 483 per
671 421 742 468 artes

369 485 454 542 verba
465 485 562 557 loquor
572 485 701 543 socianda
715 487 838 546 chordis.

203 610 214 651 5
294 597 369 659 Non,
381 595 405 649 si
416 595 521 666 priores
531 596 673 651 Maeonius
685 605 759 653 tenet

294 669 375 727 sedes
384 670 527 733 Homerus,
540 671 702 728 Pindaricae
713 672 798 730 latent

332 744 457 816 Ceaeque
468 755 495 800 et
505 745 598 801 Alcaei
610 747 732 802 minaces

366 819 573 892 Stesichorique
583 839 682 896 graves
697 821 846 894 camenus,

291 946 353 995 aec,
363 929 389 986 si
400 928 468 1002 quid
477 928 544 985 olim
556 930 623 987 lusit
633 934 783 998 Anacreon,

293 1004 398 1062 delevit
408 1012 496 1060 aetas:
507 1007 596 1077 spirat
607 1005 698 1064 adbuc
707 1025 784 1064 amor

329 1081 484 1152 vivuntque
493 1083 635 1136 commissi
646 1083 751 1139 calores

363 1154 721 1230 Aeoliaelidibuspuellae.

290 1265 350 1321 Non
360 1264 419 1320 sola
429 1274 533 1320 comtos
548 1267 614 1321 arsit
628 1267 746 1323 adulteri

291 1341 383 1396 omnes
393 1349 419 1395 et
430 1357 527 1396 aurum
539 1341 665 1396 vestibus
676 1341 779 1398 illitum

329 1415 426 1471 mirata
439 1415 602 1490 regalesque
613 1417 704 1472 cultus

363 1499 391 1546 ot
401 1491 515 1546 comites
525 1491 628 1547 lleleue
642 1491 774 1556 Lacaena,

291 1600 434 1672 primusve
445 1602 549 1657 Teucer
559 1602 613 1657 tela
624 1601 747 1677 Cydonio

290 1673 393 1730 direxit
403 1692 481 1743 arcu3
495 1692 550 1733 non
561 1678 646 1765 semel
658 1677 722 1765 llios

330 1758 816 1883 ”tttltttltltltttttrt.

291 1932 409 1990 dicenda
420 1936 507 1990 llusis
518 1935 637 2007 proelia:
659 1953 713 1991 nou
725 1934 801 1992 ferox

292 2011 389 2065 llector
400 2010 444 2065 vel
458 2028 520 2066 acer
529 2010 689 2084 Deiphobus
699 2028 798 2085 graves

327 2086 437 2159 excepit
447 2087 519 2141 ictus
530 2104 580 2159 pro
590 2087 701 2159 pudicis

363 2161 530 2235 coniugibus
539 2163 690 2235 puerisque
701 2162 819 2235 primus.

291 2269 390 2326 Vixere
400 2270 483 2326 fortes
493 2280 555 2327 ante
566 2270 771 2345 Agamemnona

292 2345 387 2413 multi;
399 2345 448 2401 sed
461 2364 556 2402 omues
567 2345 783 2421 illacrymabiles

330 2430 463 2494 urgentur
473 2424 617 2495 ignotique
629 2422 709 2497 longa

364 2506 453 2562 nocte,
465 2507 558 2553 carent
568 2500 635 2569 quia
646 2508 707 2553 vate
718 2513 806 2552 seem.

293 2596 420 2652 Paullum
430 2598 556 2669 sepultae
566 2597 651 2654 distat
662 2599 776 2653 inertiae

292 2671 379 2727 celata
391 2672 492 2727 virtus.
530 2674 591 2728 Non
602 2690 653 2747 ego
663 2683 689 2729 te
701 2675 770 2729 meis

330 2746 433 2803 chartis
443 2747 599 2803 inornatum
609 2748 709 2812 silebo,

365 2831 439 2876 totve
449 2831 510 2877 tuos
520 2826 609 2894 patiar
620 2823 727 2879 labores
