2159 3150
254 241 305 295 258
466 244 793 290 EPISTOLARUM

255 350 279 403 si
292 348 412 409 validus,
425 347 449 398 si
462 345 551 399 laetus
561 345 623 408 erit,
635 345 659 398 si
671 345 794 416 denique
805 354 913 416 posoet3

254 441 288 478 ne
301 420 395 477 studio
405 423 491 475 nostri
503 437 602 492 peoces
615 422 768 491 odiumque
779 420 885 476 libellis

197 511 209 554 t
249 498 365 554 sedulus
377 497 519 568 importes,
534 511 617 567 opera
629 495 793 550 vehemente
805 496 945 550 minister.

253 573 284 629 Si
295 583 321 627 te
333 571 402 627 forte
414 588 491 626 meae
501 573 598 644 gravis
609 581 670 626 uret
683 571 792 626 sarcina
804 571 926 634 chartas,

254 648 368 704 abiicito
382 648 580 719 potiusquam,
595 663 651 717 quo
662 645 784 717 perferre
796 641 914 713 iuberis,

254 723 373 780 clitellas
384 721 460 778 ferus
471 723 623 794 impingas,
635 722 794 792 Asinaeque
807 731 957 792 paternum

252 815 407 872 cognomen
418 797 510 852 vertas
521 798 550 850 in
563 799 650 851 risum
662 806 689 852 et
700 796 795 852 fabule
809 796 870 851 lias.

197 887 223 929 to
253 874 369 930 Viribus
380 872 467 928 uteris
479 890 528 945 per
538 873 637 934 clivos,
650 869 776 935 flumina,
789 872 891 937 lemes3

156 1009 159 1014 ,
253 951 342 1005 victor
355 949 490 1021 propositi
502 947 587 1002 simul
600 965 632 1002 ae
642 948 805 1018 perveneris
815 947 895 1010 illuc,

253 1026 295 1081 sio
306 1025 427 1096 positum
441 1023 570 1078 servabis
579 1039 660 1085 onus,
673 1039 708 1078 ue
718 1021 788 1078 lorte
798 1023 853 1077 sub
864 1022 908 1078 ala

253 1100 419 1157 fasciculum
430 1109 521 1171 portes
535 1098 682 1163 librorum,
694 1107 726 1152 ut
734 1099 858 1153 rusticus
868 1115 987 1172 agnum,

253 1184 284 1231 ut
293 1179 391 1231 vinosa
402 1174 513 1248 glomus
525 1172 645 1228 lurtivae
654 1173 770 1246 Pyrrhia
784 1174 873 1239 lanae,

196 1261 222 1305 15
250 1260 282 1306 ut
293 1268 356 1305 cum
368 1248 470 1322 pileolo
481 1249 571 1304 soleas
581 1251 700 1304 oouvive
709 1248 836 1304 tribulis.

252 1328 293 1382 Ne
304 1326 390 1399 vulgo
404 1342 508 1388 narres,
524 1333 553 1379 te
561 1324 710 1380 sudavisse
724 1323 839 1381 ferendo

252 1403 385 1465 earmina,
398 1417 470 1472 quae
481 1400 590 1472 possint
599 1399 695 1455 oculos
706 1417 844 1473 auresque
857 1400 960 1455 morari

250 1477 387 1540 Caesaris,
402 1483 495 1532 oratus
509 1475 596 1530 rnulta
606 1492 697 1546 prece,
712 1477 801 1531 nitere
811 1492 903 1548 porro.

252 1552 338 1615 Vade,
346 1554 422 1621 vale,
435 1568 514 1616 eave,
526 1568 561 1607 ue
571 1551 676 1607 titubes
687 1551 873 1625 mandataque
883 1550 1007 1643 frangas.

427 1772 699 1847 unrsrou'n
741 1785 825 1845 xlv.

462 1907 506 1946 Au
522 1904 797 1946 V1uulcuusuutt.
857 1903 861 1910 '

250 2149 310 2185 narr·
322 2147 461 2183 antoninum
475 2145 565 2180 detendlt
578 2149 648 2179 eoum
660 2144 761 2185 vlllleun,
780 2143 815 2185 qut
828 2143 849 2176 lu
858 2143 929 2177 urbstn
938 2141 1009 2185 snpie-

606 2212 656 2245 ml-

251 2302 362 2366 Villiee
373 2312 508 2367 silvarum
520 2308 627 2364 etmihi
639 2324 683 2362 me
697 2306 839 2361 reddentis
849 2304 944 2378 agelli,

252 2403 336 2459 quem
346 2396 377 2441 tu
388 2385 507 2449 fastidis,
522 2384 676 2438 habitatum
687 2382 813 2453 quinque
827 2380 896 2436 loeis
906 2389 935 2434 et

250 2464 377 2535 quinque
391 2463 478 2518 bonos
489 2460 604 2516 solitum
613 2458 726 2513 Variam
735 2457 875 2512 dimittere
889 2463 995 2527 patres,

252 2546 400 2602 certemus,
413 2538 509 2610 spinas
521 2536 650 2590 animone
659 2551 712 2606 ego
723 2532 832 2596 lortius,
844 2549 878 2586 an
890 2539 921 2585 tu

195 2624 207 2667 t
252 2611 357 2667 evellas
367 2629 442 2685 agro,
460 2623 487 2667 et
497 2611 594 2665 melior
604 2612 641 2664 sit
651 2610 779 2663 Horatius
790 2625 824 2662 an
836 2625 890 2661 res.

250 2689 294 2742 Me
303 2688 435 2758 quamvis
446 2689 559 2742 lamiae
570 2686 660 2757 pietas
672 2694 699 2739 et
708 2700 774 2740 cura
786 2691 918 2745 moratur,

253 2761 364 2816 fratrem
376 2763 536 2823 moerentis,
547 2770 625 2830 rapto
636 2760 670 2814 de
684 2760 766 2815 fratre
779 2758 901 2815 dolentis
979 2814 984 2819 ,
1076 2801 1077 2806 1
