2159 3150
229 316 261 364 88
514 315 699 362 ODARUM

265 418 320 472 iam
331 416 424 472 virum
432 423 572 487 expertae,
582 414 655 472 male
664 417 794 472 ominatis

335 489 441 562 parcito
451 489 556 550 verbis.

263 583 314 637 iiio
324 581 385 636 dies
395 597 459 636 vere
472 581 541 636 mihi
557 579 644 636 festus
654 589 726 636 atras

262 659 365 714 eximet
374 673 468 710 ouras:
481 672 533 729 ego
543 672 595 711 uao
604 656 755 712 tumultum

261 749 313 787 neo
324 731 393 785 mori
404 747 454 802 per
465 731 524 786 vim
534 738 657 788 metuam
670 739 779 796 tenente

335 805 451 862 Caesare
460 813 558 861 terras.

260 900 282 962 1,
296 905 359 970 pete
373 906 556 970 unguentum,
567 912 647 969 puer,
662 906 690 951 et
700 898 812 953 oomnis

261 980 289 1028 et
297 972 398 1029 cadum
408 973 491 1028 Marsi
500 988 651 1028 memorem
662 971 764 1040 duelli3

180 1087 183 1093 .
261 1047 428 1121 Spartacum
437 1047 462 1103 ei
471 1063 527 1119 qua
537 1047 629 1119 potuit
640 1056 785 1120 vagantem

337 1121 434 1178 fallere
444 1117 566 1178 testas
650 1141 651 1146 ¹

260 1215 309 1270 Dio
319 1223 346 1268 et
356 1221 468 1286 argutas
478 1221 609 1285 properet
618 1214 739 1268 Neaerae

263 1287 425 1362 myrrheum
438 1287 512 1343 uodo
521 1287 652 1344 oohibaro
662 1287 778 1343 crinem.

260 1363 292 1419 Si
302 1381 353 1436 per
363 1362 487 1418 invisum
497 1380 573 1418 mora
584 1363 730 1418 ianitorem

333 1436 488 1502 fiet,abito.

258 1529 339 1585 Leuit
352 1528 496 1587 albescens
510 1529 617 1586 animos
628 1529 747 1601 capillus
870 1590 873 1595 Δ

260 1605 352 1661 litium
366 1613 394 1661 et
402 1605 480 1661 rixae
493 1603 611 1676 cupidos
622 1612 775 1676 protervae.
916 1614 918 1621 ’

256 1680 317 1737 Non
330 1679 444 1754 egohoo
457 1678 558 1735 ferrem
571 1679 680 1735 calidus
693 1681 805 1735 iuveuta

331 1754 445 1811 musula
457 1755 570 1810 Pleuoo.

483 1994 603 2056 ODE
644 1996 705 2057 XV.

421 2113 770 2157 lucuuou1u.

322 2348 396 2386 sunau
405 2351 430 2395 u,
440 2352 519 2387 maen
528 2353 550 2385 aa
560 2351 639 2387 esum
646 2332 747 2389 'ruarmo
772 2334 864 2386 msa.

254 2418 336 2484 Uxor
346 2431 475 2502 pauperis
485 2432 573 2504 Ibyci,

295 2502 405 2557 tandem
418 2507 557 2575 nequitiae
569 2506 622 2579 fige
634 2506 746 2561 modum
757 2515 820 2561 tuae

257 2576 425 2648 famosisque
440 2580 594 2634 laboribus:
739 2633 741 2637 .

293 2661 400 2705 maturo
410 2654 522 2724 propior
532 2653 628 2708 desine
643 2653 732 2709 iuuari

162 2738 176 2775 s
257 2724 329 2777 iuter
343 2723 438 2779 ludere
450 2728 583 2799 virgines,

294 2808 321 2850 et
332 2798 421 2853 stellis
431 2799 561 2855 nebulam
573 2818 702 2875 spargere
713 2802 824 2857 candidi
920 2862 926 2870 ,

113 2972 146 3127 i
