2159 3150
392 305 528 350 nlusstt
567 308 610 354 111.

187 417 216 460 et
224 405 307 460 stella
319 407 415 460 vesani
427 406 527 461 Leonis

224 480 284 535 soie
294 480 356 535 dies
366 479 503 536 referente
513 483 614 537 siccos.

825 307 870 360 tut

143 591 205 644 lam
216 598 310 660 pastor
324 588 437 644 umbras
448 607 511 644 cunr
521 608 606 664 grege
623 592 756 666 languido
856 607 858 612 ’

145 667 300 734 rivumque
313 663 403 719 fessus
417 667 527 734 quaerit
537 677 564 720 et
575 665 680 722 horridi

188 744 299 799 dumeta
309 741 432 805 Silvani,
449 754 577 816 caretque

224 820 284 889 ripa
297 820 375 890 vagis
386 819 518 873 taciturna
533 821 633 873 ventis.

144 925 200 988 Tu,
212 925 355 980 civitatem
364 924 431 996 quis
441 922 537 980 deceat
547 934 645 988 status,

144 1016 240 1063 eures,
252 1007 279 1054 et
290 999 359 1054 Urbi
368 998 508 1054 sollicitus
520 999 612 1065 times,

185 1074 256 1146 quid
267 1074 350 1130 Seres
361 1082 389 1128 et
398 1083 513 1148 regnata
523 1073 596 1147 Cyro

222 1150 318 1204 Bactra
330 1158 428 1221 parent
438 1151 595 1220 Tanaisque
607 1150 713 1207 discors

144 1257 275 1313 Prudens
286 1258 374 1313 futuri
385 1260 517 1329 temporis
531 1260 638 1314 exitum

144 1334 302 1406 caiiginosa
314 1342 394 1388 nocte
405 1335 506 1404 premit
516 1333 596 1397 deus,

143 1462 153 1475 ,
186 1409 325 1480 ridetque.
337 1411 362 1463 si
375 1410 499 1464 mortalis
509 1409 581 1463 ultra

226 1484 267 1538 ias
278 1483 409 1555 trepidat.
447 1482 527 1550 Quod
539 1484 627 1545 adest,
641 1496 778 1541 memento

144 1610 314 1665 componere
326 1610 446 1663 aequus:
468 1602 558 1649 cetera
572 1592 695 1649 fluminis

145 1670 205 1724 ritu
216 1668 353 1732 feruntur,
367 1686 441 1723 nune
455 1669 547 1723 medio
558 1669 637 1724 alveo

186 1762 251 1799 cum
262 1761 330 1815 pace
340 1743 497 1798 delabentis
511 1745 660 1799 Etruscum

225 1822 254 1875 in
265 1836 350 1883 mare,
366 1835 440 1873 nune
450 1818 558 1890 lapides
570 1820 669 1875 adesos

144 1929 306 2000 stirpesque
318 1934 410 1998 raptas
420 1936 447 1982 et
458 1944 543 1999 pecus
555 1937 581 1982 et
593 1929 692 2003 domos,

145 2004 288 2059 volventis
300 2020 369 2066 una,
387 2020 440 2058 non
450 2004 513 2057 sine
524 2004 659 2059 montium

185 2079 306 2133 clamore
320 2079 484 2149 vicinaeque
497 2078 596 2142 silvae,

222 2170 311 2226 quum
323 2152 381 2209 iera
391 2152 514 2208 diluvies
527 2154 637 2225 quietos

144 2263 238 2318 irritat
248 2280 355 2318 amnes.
396 2263 608 2333 llleputenssui

146 2338 296 2408 laetusque
308 2337 402 2410 deget,
414 2338 461 2393 eui
473 2338 538 2392 iicet
550 2337 577 2391 in
589 2337 665 2392 diem

185 2412 309 2469 dixisse:
322 2414 399 2469 vixil
418 2412 485 2469 Cras
495 2413 540 2467 vel
552 2422 608 2468 atre

226 2488 301 2543 nube
312 2488 408 2560 polum
420 2488 498 2543 Pater
510 2498 657 2560 occupato.

144 2597 192 2652 vel
204 2597 264 2651 sole
274 2614 358 2669 puro:
380 2605 536 2652 nontamen
549 2597 668 2660 irritum,

144 2670 346 2744 quodcumque
356 2681 427 2727 retro
438 2680 490 2736 est,
505 2670 621 2733 efficiet,
644 2686 734 2742 neque

184 2746 315 2821 diffinget
324 2746 517 2817 iniectumque
527 2746 634 2808 reddet,

156 2850 160 2857 ·
221 2822 299 2895 quod
310 2822 422 2895 fugiens
432 2821 517 2875 semei
530 2822 596 2875 hara
608 2820 694 2873 vexit.

897 498 924 542 20
