2159 3150
234 261 286 318 210
447 265 775 312 EPlS'l'OLARUM

435 464 707 525 EPlSTOLA
748 464 783 524 ll.

482 585 530 624 an
555 583 742 624 conmuni.

234 825 325 860 Laudato
339 824 437 868 rapientia
450 823 531 858 Homeri
543 823 628 857 Lollium
642 823 735 857 luvenem
748 822 828 857 ommno
841 823 867 856 sd
877 831 940 858 vom
958 831 992 858 ιι·

452 888 540 932 pientiae
550 887 637 921 studium
646 886 770 921 adhortetur.

237 960 357 1026 Troiani
367 968 435 1024 balli
447 970 621 1040 scriptorem,
633 969 754 1022 maxime
768 968 850 1032 Lolli,

236 1047 303 1102 dum
314 1055 344 1101 tu
358 1044 498 1099 declamas
510 1046 619 1107 Romae,
633 1045 780 1099 Praeneste
790 1043 891 1116 relegi3

235 1123 300 1194 qui,
316 1120 386 1193 quid
396 1121 433 1175 sit
444 1119 613 1191 pulchrum,
628 1119 698 1191 qnid
710 1129 804 1190 turpe,
826 1119 897 1190 quid
907 1121 989 1184 utile,

680 1194 750 1266 quid
762 1212 826 1257 non,

235 1273 348 1344 plenius
360 1289 390 1326 ac
402 1269 503 1326 melius
515 1270 709 1343 Chrysippoet
720 1269 850 1325 Crantore
861 1270 941 1326 dicit.

180 1359 192 1402 5
238 1348 293 1405 Cur
303 1348 341 1402 ita
352 1345 530 1409 crediderim,
544 1346 598 1400 nisi
613 1344 683 1416 quid
693 1355 719 1400 te
730 1345 846 1410 detinet,
859 1346 936 1401 audi.

235 1423 350 1485 Fabula,
363 1439 416 1493 qua
432 1421 539 1477 Paridis
554 1430 665 1492 propter
676 1430 801 1476 narratur
811 1439 932 1478 amorem

235 1499 351 1555 Graecia
364 1497 509 1552 barbariae
521 1497 594 1552 lento
605 1497 701 1551 collisa
715 1497 819 1561 duello,

237 1574 384 1630 stultorum
399 1591 495 1648 regum
508 1584 535 1629 et
546 1572 712 1645 populorum
724 1574 846 1629 continet
860 1584 963 1629 aestua.

236 1651 357 1705 Antenor
368 1660 471 1711 censet,
483 1650 551 1704 belli
561 1648 722 1721 praecidere
731 1666 859 1703 causam:

182 1738 207 1782 to
237 1726 312 1797 quod
324 1727 409 1789 Paris,
426 1737 456 1780 ut
465 1726 561 1781 salvus
572 1734 669 1797 regnet
680 1726 812 1796 vivatque
823 1724 931 1788 beatus,

238 1802 300 1875 cogi
310 1819 391 1873 posse
402 1810 494 1875 negat.
523 1802 621 1855 Nestor
631 1817 796 1871 componere
806 1800 869 1855 lites

237 1878 310 1933 inter
318 1876 433 1932 Peliden
445 1876 557 1931 festinat
568 1886 595 1931 et
607 1876 679 1930 inter
690 1875 819 1930 Atriden:

239 1951 994 2024 huncamor,iraquidemcommuniteruritutrumque.

238 2027 382 2101 Quidquid
397 2028 517 2083 delirant
529 2044 620 2099 reges,
632 2028 792 2099 plectuntur
802 2025 914 2081 Achivi.

182 2116 208 2158 15
237 2104 389 2167 Seditione,
402 2103 484 2167 dolis,
496 2103 602 2158 scelera
613 2111 695 2173 atque
707 2102 826 2157 libidine
836 2111 864 2157 et
874 2103 916 2156 ira

236 2181 335 2236 lliacos
346 2181 417 2234 intra
432 2197 525 2235 muros
539 2188 670 2251 peccatur
679 2188 707 2233 et
716 2187 804 2233 extra.

239 2258 354 2316 Rursus,
366 2256 436 2327 quid
448 2257 537 2309 virtus
549 2253 655 2326 etquid
667 2256 805 2326 sapientia
817 2255 916 2325 possit,

239 2333 308 2388 utile
320 2333 465 2405 proposuit
477 2331 558 2385 nobis
571 2332 715 2401 exemplar
725 2330 845 2391 Ulixem,

238 2410 287 2481 qui
302 2408 422 2463 domitor
433 2409 539 2467 Troiae,
558 2407 709 2461 multorum
724 2404 860 2477 providus
872 2404 957 2459 urbes

182 2495 209 2538 20
239 2494 265 2538 et
276 2501 365 2539 mores
376 2484 520 2538 bominum
532 2484 665 2553 inspexit,
675 2482 817 2553 latumque
823 2498 873 2553 per
879 2497 996 2552 aequor,

240 2558 307 2612 dum
317 2558 383 2621 sibi,
391 2558 457 2612 dum
469 2559 554 2613 sociis
566 2558 687 2612 reditum
698 2566 785 2629 parat,
798 2574 895 2628 aspera
906 2556 998 2610 multa

241 2634 365 2704 pertulit,
381 2633 506 2688 adversis
517 2651 610 2688 rerum
622 2632 821 2687 immersabilis
835 2631 931 2686 undis.

241 2707 370 2762 Sirenum
386 2725 467 2762 voces
479 2718 505 2763 et
516 2708 611 2763 Circae
622 2709 721 2780 pocula
732 2708 819 2774 nosti3

241 2799 313 2853 quae
327 2785 351 2837 si
363 2799 426 2837 curn
438 2784 522 2837 sociis
533 2784 636 2838 stultus
646 2783 826 2857 cupidusque
836 2782 968 2845 bibisset,
