2159 3150
227 278 274 334 130
504 284 690 332 ODARUM

483 535 510 595 0
531 536 557 596 D
579 537 602 596 Ε
643 537 709 598 XV.

357 651 521 694 cesssare
538 653 684 695 sunusrr
700 654 840 699 nunnus

514 784 684 799 w

232 893 327 928 mian
336 892 374 928 nit
381 891 471 935 Amne
479 892 560 937 imperit
568 893 652 929 nonni
661 897 733 930 rutum
742 895 816 931 uades.
840 897 898 933 latr.
909 898 965 936 m.

262 983 394 1046 Phoebus
403 990 540 1046 volentem
552 992 656 1063 proelia
670 1009 714 1047 me
729 992 804 1066 loqui

263 1068 349 1122 victas
359 1074 386 1121 et
396 1065 479 1120 urbes
490 1066 629 1140 increpuit
642 1067 708 1142 lyra,

298 1159 333 1197 ne
345 1157 431 1213 parva
441 1142 615 1216 Tyrrhenum
627 1161 676 1216 per
687 1161 789 1216 aequor

333 1217 394 1272 vela
406 1216 511 1272 darem.
552 1219 619 1283 Tua,
632 1218 740 1284 Caesar,
755 1228 829 1277 aetas

262 1310 355 1384 fruges
366 1317 393 1365 et
402 1310 478 1384 agris
489 1310 584 1365 retulit
595 1310 704 1376 uberes,

263 1395 290 1442 et
302 1387 382 1459 signa
394 1393 485 1440 nostro
495 1386 616 1442 restituit
626 1387 683 1442 Iovi

300 1460 413 1533 derepta
426 1460 589 1516 Parthorum
602 1461 732 1534 superbis

334 1535 470 1611 postibus,
483 1545 510 1593 et
520 1553 639 1593 vacuum
650 1538 753 1595 duellis

262 1632 358 1686 lanum
371 1628 519 1697 Quirinum
530 1630 640 1694 clausit,
653 1640 680 1686 et
690 1630 816 1687 ordinem

262 1714 367 1762 rectum
379 1707 506 1779 evaganti
521 1704 599 1761 frene
613 1701 740 1761 licentiae

299 1781 405 1845 iniecit,
421 1783 581 1853 emovitque
591 1782 688 1855 culpas

336 1865 364 1911 et
373 1866 481 1913 veteres
491 1857 632 1913 revocavit
642 1866 723 1922 artes,

263 1967 314 2024 per
322 1967 393 2022 quas
403 1950 531 2006 Latinum
543 1966 643 2007 nomen
656 1959 683 2007 et
693 1950 775 2005 italae

263 2043 375 2082 crevere
385 2027 459 2082 vires
471 2024 599 2097 famaque
612 2034 639 2081 et
649 2026 748 2097 imperi

300 2111 424 2176 porrecta
435 2102 564 2156 maiestas
575 2100 710 2157 adortum

335 2177 403 2233 solis
413 2176 448 2233 ab
458 2178 591 2249 Hesperio
603 2176 701 2232 cubili.

264 2268 383 2326 Custode
392 2287 485 2326 rerum
499 2268 614 2326 Caesare
625 2286 679 2325 non
693 2268 769 2324 furor

264 2345 359 2401 civilis
373 2355 420 2402 aut
429 2346 473 2401 vis
484 2345 588 2401 eximet
600 2348 698 2409 otium.

303 2439 356 2478 non
368 2419 418 2486 ire
433 2438 505 2494 quae
518 2420 648 2493 procudit
659 2436 740 2476 enses

340 2506 368 2553 et
378 2498 493 2552 miseras
504 2497 630 2552 inimicat
641 2497 735 2551 urbes.

264 2590 334 2654 Non,
347 2591 396 2661 qui
408 2587 577 2662 profundum
588 2588 744 2644 Danubium
754 2586 864 2651 bibunt,

265 2664 355 2719 edicta
367 2676 496 2736 rumpent
506 2664 586 2727 lulis,
602 2682 656 2720 non
667 2664 761 2727 Getae,

303 2758 357 2795 non
368 2740 449 2795 Seres
460 2739 576 2795 infidive
587 2740 695 2803 Persae,
861 2804 863 2813 Ι

339 2832 393 2870 non
408 2816 510 2871 Tanain
521 2832 606 2888 prope
618 2812 721 2878 flumen
733 2813 801 2868 orti.-
