2159 3150
427 283 569 328 [ABER.

156 384 198 438 sis
209 399 308 454 pecore
318 393 345 436 et
356 382 441 436 multa
452 383 532 437 dives
543 383 642 439 tellure
654 383 750 440 licebit

196 458 305 529 tibique
315 458 443 512 Pactolus
458 456 534 520 fluat,
900 471 927 516 to

156 549 209 588 nec
220 541 247 605 te
256 533 428 606 Pythagorae
439 532 534 588 fallant
546 549 643 588 arcana
653 534 750 598 renati,
831 565 832 568 =

196 607 340 680 formaque
352 609 447 662 vincas
459 609 555 675 Nirea3

155 683 244 739 eheu!
261 683 407 738 translatos
418 683 473 738 alio
484 682 622 738 moerebis
633 699 753 752 amores;

195 768 223 814 st
233 774 285 831 ego
295 758 421 813 vicissim
434 759 531 813 risere.
602 825 605 833 Ι

333 998 545 1060 EPODOS
585 997 665 1060 XVI.

253 1118 301 1158 an
328 1116 513 1158 rorunnrr
539 1116 737 1159 nonanus.

412 1231 580 1240 ——a--un—

118 1337 238 1373 Datastatnr
247 1337 322 1373 belluna
331 1338 391 1374 urus
402 1338 540 1381 umorque
549 1338 605 1374 tabat
615 1348 682 1375 secun
690 1339 792 1375 meliorem
801 1345 874 1376 terrain

272 1402 424 1444 {eumuna
431 1401 506 1436 munte·
516 1411 621 1445 quaerere.
645 1402 703 1438 itata.
715 1403 740 1439 Χ.

120 1492 221 1556 Altera
233 1502 289 1554 iam
300 1501 398 1555 teritur
408 1499 491 1554 bellis
501 1500 636 1555 civilibus
650 1509 734 1567 aetas,

159 1575 221 1631 suis
232 1585 260 1630 et
270 1577 332 1647 ipsa
342 1575 427 1630 Roma
437 1574 548 1630 viribus
559 1577 624 1631 ruit.

120 1651 211 1719 Quam
223 1667 315 1722 neque
325 1649 437 1705 finitimi
451 1651 599 1706 valuerunt
609 1651 724 1725 perdere
735 1656 819 1711 Marsi

160 1727 281 1781 minacis
292 1733 339 1780 eut
348 1725 464 1780 Etrusca
473 1726 609 1781 Porsenae
619 1744 727 1792 manus,

120 1801 234 1858 aemuia
244 1817 296 1856 nec
308 1801 397 1856 virtus
408 1799 527 1872 Capuae,
544 1819 594 1856 nec
608 1801 756 1874 Spartacus
768 1822 840 1871 acer,
918 1818 930 1861 5

68 1877 72 1883 ’
160 1877 300 1948 novisque
310 1874 395 1930 rebus
405 1874 678 1941 influatisnttobroa

120 1970 175 2010 nec
185 1951 243 2008 iera
254 1951 380 2007 caerulea
391 1950 497 2006 domuit
507 1952 655 2008 Germania
668 1954 743 2025 pube

159 2025 380 2101 parentibusque
394 2026 728 2097 abominatusiianniba13

120 2105 210 2175 impia
224 2101 374 2175 perdemus
385 2100 478 2157 devoti
487 2102 634 2175 sanguinis
645 2112 728 2167 aetas,

162 2178 286 2250 ferisque
297 2193 394 2232 rursus
403 2175 587 2248 occupabitur
597 2178 698 2233 sotum.
904 2191 930 2233 to

119 2254 271 2316 Barbarus,
283 2252 353 2307 beui
366 2253 474 2307 cineres
487 2251 598 2307 insistet
609 2254 705 2318 victor,
718 2263 745 2309 et
754 2254 851 2309 urbem
865 2322 867 2327 ι

162 2345 249 2401 eques
258 2335 373 2383 sonante
384 2325 543 2382 verberabit
553 2327 671 2400 unguia;

118 2419 252 2477 quaeque
262 2411 356 2458 carent
366 2402 457 2457 ventis
467 2408 495 2455 et
504 2400 612 2456 solibus
625 2418 686 2457 ossa
697 2401 806 2468 Quirini

161 2478 252 2552 (nefas
261 2476 367 2550 videre)
378 2476 529 2548 dissipabit
539 2477 672 2533 insolens.

119 2551 866 2626 Forte‚quidexpediat‚communiterautmeliorpars
906 2563 930 2605 15

161 2628 243 2684 maiis
254 2644 348 2683 carere
358 2626 493 2698 quaeritis
504 2624 666 2681 laboribus?

117 2704 206 2759 Nulla
218 2704 255 2758 sit
266 2702 319 2758 bac
328 2702 418 2773 potior
425 2700 576 2755 sententis:
601 2700 785 2754 Phocaeorum

163 2778 240 2833 velut
250 2776 375 2850 profugit
388 2782 529 2829 exsecrata
541 2773 640 2828 civitas
