2159 3150
216 349 268 403 266
403 343 759 398 'saissonsaurr

159 469 186 513 tt
215 454 324 518 Contra,
336 470 420 526 quem
431 451 539 524 duplici
551 469 642 524 panno
652 453 785 524 patientia
798 455 880 518 velat,

215 529 346 591 mirabor,
362 529 435 583 vitae
447 528 492 583 via
501 529 525 582 si
537 544 670 582 conversa
681 527 803 585 decebit.

215 604 292 662 Alter
301 620 474 676 purpureum
484 620 538 658 non
550 603 724 675 exspectabit
734 605 877 669 amictum,

216 678 358 754 quidlibet
368 677 484 734 indutus
493 677 675 733 celeberrima
687 695 738 750 per
747 678 806 734 lece
819 679 914 744 vadet,

216 769 419 829 personamque
430 752 498 808 ieret
507 770 563 808 nen
572 754 757 809 inconcinnus
768 763 916 826 utramque
992 757 997 763 '

159 845 186 888 et
217 830 285 887 elter
295 830 383 885 llileti
393 839 495 884 textam
506 846 575 884 cene
586 830 668 901 peius
677 838 705 885 et
717 831 802 902 angui

216 905 316 962 vitabit
325 903 516 979 chlamydem,
535 904 669 960 morietur
680 903 791 977 frigore,
802 905 828 959 si
838 921 893 960 non

215 981 343 1038 retuleris
354 996 492 1052 pennum:
511 979 585 1035 reier
594 987 622 1035 et
632 980 694 1034 sine
704 981 782 1034 vivet
792 980 921 1052 ineptus!

216 1059 269 1113 lies
280 1073 376 1130 gerere
386 1064 413 1112 et
423 1063 517 1128 ceptus
527 1055 674 1111 estendere
684 1055 797 1111 civibus
808 1055 912 1121 hostes,

216 1133 327 1205 attingit
337 1131 438 1186 solium
450 1132 523 1186 lovis
534 1140 562 1186 et
572 1131 702 1186 coelestia
714 1139 810 1187 tentat.

159 1220 186 1263 tu
214 1206 393 1278 Principibus
403 1206 544 1279 placuisse
555 1207 625 1261 viris
639 1221 693 1261 nen
704 1205 803 1262 ultima
814 1206 876 1261 laus
885 1214 939 1261 est.

216 1285 276 1339 Non
287 1283 380 1338 cuivis
391 1282 497 1337 bomini
511 1282 649 1355 wndngit
659 1281 737 1336 adire
746 1280 922 1338 Corinthum.

215 1358 304 1423 Sedit,
319 1358 370 1428 qui
382 1357 486 1421 timuit,
498 1375 533 1413 ne
544 1374 598 1412 non
609 1357 787 1412 succederet:
804 1366 874 1413 estc.

216 1431 310 1502 Quid‘l
319 1435 369 1504 qui
380 1433 517 1505 pervenit,
529 1430 632 1488 fecitne
639 1430 778 1488 viriliter?
796 1432 882 1504 Atqui

216 1510 262 1565 bic
272 1516 314 1563 est
324 1516 533 1581 eutnusquam,
548 1507 625 1580 quod
635 1509 809 1580 quaerimus.
839 1508 974 1562 lliccnus

661 1584 762 1645 horret,

159 1667 187 1715 lu
217 1667 247 1717 ut
257 1662 352 1731 parvis
363 1658 464 1713 animis
474 1668 501 1714 et
511 1675 599 1731 parvo
609 1675 723 1731 corpere
734 1660 839 1726 maius,

217 1735 264 1790 bic
274 1734 353 1788 subit
366 1742 393 1789 et
403 1733 517 1806 perfert.
547 1734 603 1789 dut
612 1735 703 1789 virtus
713 1750 813 1789 nemen
824 1735 908 1789 inane
917 1741 972 1799 est,

216 1818 264 1866 eut
273 1808 360 1864 decus
369 1817 397 1865 et
407 1811 527 1881 pretium
539 1817 613 1865 reete
623 1810 694 1881 petit
703 1810 852 1881 experiens
862 1810 915 1864 vir.

217 1886 314 1943 Coram
329 1902 393 1959 rege
404 1902 454 1940 sua
465 1885 500 1940 de
511 1893 674 1957 paupertate
684 1893 806 1940 tacentes

216 1961 244 2033 pl
249 1977 281 2016 us
292 1968 423 2033 poscente
434 1959 532 2016 ferent.
569 1960 663 2024 Distat,
675 1977 808 2015 sumasne
821 1959 973 2033 pudenter,

159 2042 186 2091 45
214 2054 248 2092 an
260 2038 361 2108 rapias.
391 2036 474 2108 Atqui
486 2052 579 2090 rerum
589 2046 673 2108 ceput
684 2035 819 2100 benerat,
838 2036 887 2090 bic
897 2034 973 2090 lens.

217 2111 354 2167 rlndotate
365 2111 435 2166 mibi
447 2128 524 2167 seror
531 2118 583 2175 est,
595 2112 766 2184 paupercula
777 2119 875 2176 mater,

217 2195 259 2242 net
270 2186 373 2242 fundus
384 2204 435 2242 nec
446 2186 600 2242 vendibilis
614 2204 665 2242 nec
672 2204 788 2259 pascere
801 2187 925 2249 firmus«

217 2263 268 2335 qui
278 2262 357 2326 dicit,
369 2263 484 2318 elamat:
504 2262 630 2317 »Victum
640 2262 740 2318 detel«
753 2262 876 2318 succinit
885 2262 973 2317 alter:

217 2338 265 2394 »Et
275 2338 346 2393 mibi
356 2337 474 2393 dividuo
485 2336 606 2393 findetur
616 2355 732 2394 munere
741 2338 876 2410 quadras

160 2424 186 2467 5⁰
216 2413 272 2469 Sed
282 2415 383 2469 tacitus
395 2414 471 2486 pasci
481 2413 506 2467 si
518 2421 612 2486 posset
622 2429 732 2480 corvus.
745 2413 861 2469 baberet

216 2489 281 2560 plus
291 2488 381 2559 dapis.
393 2498 420 2545 et
434 2490 511 2543 rixae
522 2488 610 2544 multo
620 2489 715 2545 minus
725 2490 919 2561 invidiaeque.
949 2548 953 2552 ,

216 2564 976 2622 brundisiumcomesautSurremumducmsnmoenum

218 2638 267 2707 qui
275 2640 563 2708 queritursalebreset
573 2640 807 2714 acerbum-frigus
815 2649 844 2696 et
853 2639 973 2705 imbres,

219 2719 265 2767 aut
275 2714 373 2767 cistam
384 2713 522 2771 effractam
533 2724 561 2771 et
570 2715 708 2772 subducta
719 2716 821 2771 viatica
832 2715 933 2788 ploret,

163 2793 189 2837 ts
219 2794 282 2840 note
293 2786 377 2841 refert
390 2791 544 2845 meretricis
558 2794 698 2856 acumina.
710 2807 794 2864 saepe
804 2789 935 2847 catellam

219 2876 302 2931 saepe
313 2863 507 2932 periscelidem
520 2875 626 2937 raptam
636 2867 693 2922 sibi
703 2865 805 2928 dentis,
819 2868 860 2922 uti
872 2882 939 2921 mcx
