<?xml version="1.0" encoding="UTF-8"?>
<!DOCTYPE html PUBLIC "-//W3C//DTD XHTML 1.0 Transitional//EN"
    "http://www.w3.org/TR/xhtml1/DTD/xhtml1-transitional.dtd">
<html xmlns="http://www.w3.org/1999/xhtml" xml:lang="en" lang="en">
 <head>
  <title>
</title>
<meta http-equiv="Content-Type" content="text/html;charset=utf-8" />
  <meta name='ocr-system' content='tesseract 3.04.00' />
  <meta name='ocr-capabilities' content='ocr_page ocr_carea ocr_par ocr_line ocrx_word'/>
</head>
<body>
  <div class='ocr_page' id='page_1' title='image "./qhoratiiflaccio05horagoog_0271.png"; bbox 0 0 2159 3150; ppageno 0'>
   <div class='ocr_carea' id='block_1_1' title="bbox 212 281 832 340">
    <p class='ocr_par' dir='ltr' id='par_1_1' title="bbox 212 281 832 340">
     <span class='ocr_line' id='line_1_1' title="bbox 212 281 832 340; baseline 0.027 -17"><span class='ocrx_word' id='word_1_1' title='bbox 212 281 290 324; x_wconf 84' lang='lat' dir='ltr'><strong>Llll.</strong></span> <span class='ocrx_word' id='word_1_2' title='bbox 311 282 330 326; x_wconf 90' lang='lat'><strong>1.</strong></span> <span class='ocrx_word' id='word_1_3' title='bbox 360 283 500 328; x_wconf 79' lang='lat' dir='ltr'>EPIST.</span> <span class='ocrx_word' id='word_1_4' title='bbox 522 287 603 330; x_wconf 85' lang='lat' dir='ltr'><strong>xtrt.</strong></span> <span class='ocrx_word' id='word_1_5' title='bbox 623 288 699 333; x_wconf 79' lang='lat' dir='ltr'><strong>xlv.</strong></span> <span class='ocrx_word' id='word_1_6' title='bbox 782 286 832 340; x_wconf 70' lang='lat'><strong>259</strong></span> 
     </span>
    </p>
   </div>
   <div class='ocr_carea' id='block_1_2' title="bbox 65 381 886 839">
    <p class='ocr_par' dir='ltr' id='par_1_2' title="bbox 70 381 705 459">
     <span class='ocr_line' id='line_1_2' title="bbox 70 381 705 459; baseline 0.014 -25"><span class='ocrx_word' id='word_1_7' title='bbox 70 381 248 444; x_wconf 83' lang='lat' dir='ltr'><strong>insolabiter,</strong></span> <span class='ocrx_word' id='word_1_8' title='bbox 261 393 353 436; x_wconf 87' lang='lat' dir='ltr'><strong>tamen</strong></span> <span class='ocrx_word' id='word_1_9' title='bbox 365 384 437 437; x_wconf 91' lang='lat' dir='ltr'><strong>istuc</strong></span> <span class='ocrx_word' id='word_1_10' title='bbox 448 402 526 439; x_wconf 87' lang='lat' dir='ltr'><strong>ruens</strong></span> <span class='ocrx_word' id='word_1_11' title='bbox 538 389 705 459; x_wconf 89' lang='lat' dir='ltr'><strong>animusque</strong></span> 
     </span>
    </p>

    <p class='ocr_par' dir='ltr' id='par_1_3' title="bbox 69 457 792 533">
     <span class='ocr_line' id='line_1_3' title="bbox 69 457 792 533; baseline 0.017 -23"><span class='ocrx_word' id='word_1_12' title='bbox 69 457 123 511; x_wconf 87' lang='lat' dir='ltr'><strong>lert</strong></span> <span class='ocrx_word' id='word_1_13' title='bbox 134 467 163 512; x_wconf 91' lang='lat' dir='ltr'><strong>et</strong></span> <span class='ocrx_word' id='word_1_14' title='bbox 173 469 248 512; x_wconf 89' lang='lat' dir='ltr'><strong>amat</strong></span> <span class='ocrx_word' id='word_1_15' title='bbox 258 459 358 530; x_wconf 90' lang='lat' dir='ltr'><strong>spatiis</strong></span> <span class='ocrx_word' id='word_1_16' title='bbox 368 458 506 515; x_wconf 90' lang='lat' dir='ltr'><strong>obstantia</strong></span> <span class='ocrx_word' id='word_1_17' title='bbox 517 479 647 533; x_wconf 84' lang='lat' dir='ltr'>rumpere</span> <span class='ocrx_word' id='word_1_18' title='bbox 661 464 792 522; x_wconf 88' lang='lat' dir='ltr'><strong>claustra.</strong></span> 
     </span>
    </p>

    <p class='ocr_par' dir='ltr' id='par_1_4' title="bbox 66 533 886 766">
     <span class='ocr_line' id='line_1_4' title="bbox 66 533 886 606; baseline 0.017 -20"><span class='ocrx_word' id='word_1_19' title='bbox 66 533 143 587; x_wconf 85' lang='lat' dir='ltr'><strong>Rure</strong></span> <span class='ocrx_word' id='word_1_20' title='bbox 155 549 208 606; x_wconf 84' lang='lat' dir='ltr'><strong>ego</strong></span> <span class='ocrx_word' id='word_1_21' title='bbox 218 534 369 598; x_wconf 81' lang='lat' dir='ltr'><strong>viventem,</strong></span> <span class='ocrx_word' id='word_1_22' title='bbox 385 543 414 590; x_wconf 93' lang='lat' dir='ltr'><strong>tu</strong></span> <span class='ocrx_word' id='word_1_23' title='bbox 429 534 502 590; x_wconf 89' lang='lat' dir='ltr'><strong>dicis</strong></span> <span class='ocrx_word' id='word_1_24' title='bbox 512 537 540 590; x_wconf 91' lang='lat' dir='ltr'><strong>in</strong></span> <span class='ocrx_word' id='word_1_25' title='bbox 553 537 623 592; x_wconf 88' lang='lat' dir='ltr'><strong>urbe</strong></span> <span class='ocrx_word' id='word_1_26' title='bbox 634 537 761 596; x_wconf 87' lang='lat' dir='ltr'><strong>beatum:</strong></span> <span class='ocrx_word' id='word_1_27' title='bbox 860 556 886 600; x_wconf 89' lang='lat' dir='ltr'><strong>tt</strong></span> 
     </span>
     <span class='ocr_line' id='line_1_5' title="bbox 66 609 781 680; baseline 0.013 -17"><span class='ocrx_word' id='word_1_28' title='bbox 66 610 112 662; x_wconf 92' lang='lat' dir='ltr'><strong>cui</strong></span> <span class='ocrx_word' id='word_1_29' title='bbox 128 609 223 680; x_wconf 90' lang='lat' dir='ltr'><strong>placet</strong></span> <span class='ocrx_word' id='word_1_30' title='bbox 236 609 361 674; x_wconf 89' lang='lat' dir='ltr'><strong>alterius,</strong></span> <span class='ocrx_word' id='word_1_31' title='bbox 377 627 427 666; x_wconf 88' lang='lat' dir='ltr'><strong>sua</strong></span> <span class='ocrx_word' id='word_1_32' title='bbox 439 613 572 666; x_wconf 88' lang='lat' dir='ltr'><strong>nimirum</strong></span> <span class='ocrx_word' id='word_1_33' title='bbox 583 624 625 668; x_wconf 90' lang='lat' dir='ltr'><strong>est</strong></span> <span class='ocrx_word' id='word_1_34' title='bbox 635 614 699 670; x_wconf 85' lang='lat' dir='ltr'><strong>odio</strong></span> <span class='ocrx_word' id='word_1_35' title='bbox 710 633 781 672; x_wconf 85' lang='lat' dir='ltr'><strong>sors.</strong></span> 
     </span>
     <span class='ocr_line' id='line_1_6' title="bbox 66 683 830 766; baseline 0.016 -28"><span class='ocrx_word' id='word_1_36' title='bbox 66 683 830 766; x_wconf 85' lang='lat' dir='ltr'><strong>Stultusuterquelocumimmeritumcausaturiuique:</strong></span> 
     </span>
    </p>

    <p class='ocr_par' dir='ltr' id='par_1_5' title="bbox 65 759 814 839">
     <span class='ocr_line' id='line_1_7' title="bbox 65 759 814 839; baseline 0.015 -26"><span class='ocrx_word' id='word_1_37' title='bbox 65 760 96 814; x_wconf 93' lang='lat' dir='ltr'><strong>in</strong></span> <span class='ocrx_word' id='word_1_38' title='bbox 108 759 194 832; x_wconf 90' lang='lat' dir='ltr'><strong>culpa</strong></span> <span class='ocrx_word' id='word_1_39' title='bbox 205 768 248 816; x_wconf 88' lang='lat' dir='ltr'><strong>est</strong></span> <span class='ocrx_word' id='word_1_40' title='bbox 258 762 379 825; x_wconf 91' lang='lat' dir='ltr'><strong>animus,</strong></span> <span class='ocrx_word' id='word_1_41' title='bbox 391 763 442 834; x_wconf 90' lang='lat' dir='ltr'><strong>qui</strong></span> <span class='ocrx_word' id='word_1_42' title='bbox 453 779 483 818; x_wconf 82' lang='lat' dir='ltr'><strong>ae</strong></span> <span class='ocrx_word' id='word_1_43' title='bbox 493 781 548 818; x_wconf 92' lang='lat' dir='ltr'><strong>non</strong></span> <span class='ocrx_word' id='word_1_44' title='bbox 561 763 658 838; x_wconf 80' lang='lat' dir='ltr'><strong>effugit</strong></span> <span class='ocrx_word' id='word_1_45' title='bbox 669 783 814 839; x_wconf 88' lang='lat' dir='ltr'><strong>umquam.</strong></span> 
     </span>
    </p>
   </div>
   <div class='ocr_carea' id='block_1_3' title="bbox 61 836 893 2803">
    <p class='ocr_par' dir='ltr' id='par_1_6' title="bbox 66 836 701 912">
     <span class='ocr_line' id='line_1_8' title="bbox 66 836 701 912; baseline 0.009 -23"><span class='ocrx_word' id='word_1_46' title='bbox 66 837 108 890; x_wconf 92' lang='lat' dir='ltr'><strong>Tu</strong></span> <span class='ocrx_word' id='word_1_47' title='bbox 119 836 307 892; x_wconf 85' lang='lat' dir='ltr'><strong>medIastinue</strong></span> <span class='ocrx_word' id='word_1_48' title='bbox 317 837 400 892; x_wconf 90' lang='lat' dir='ltr'><strong>tacita</strong></span> <span class='ocrx_word' id='word_1_49' title='bbox 410 855 492 909; x_wconf 80' lang='lat' dir='ltr'>prece</span> <span class='ocrx_word' id='word_1_50' title='bbox 503 856 567 893; x_wconf 88' lang='lat' dir='ltr'><strong>rura</strong></span> <span class='ocrx_word' id='word_1_51' title='bbox 577 840 701 912; x_wconf 89' lang='lat' dir='ltr'><strong>petebas,</strong></span> 
     </span>
    </p>

    <p class='ocr_par' dir='ltr' id='par_1_7' title="bbox 63 911 883 1140">
     <span class='ocr_line' id='line_1_9' title="bbox 65 911 883 989; baseline 0.015 -25"><span class='ocrx_word' id='word_1_52' title='bbox 65 927 145 965; x_wconf 93' lang='lat' dir='ltr'><strong>nunc</strong></span> <span class='ocrx_word' id='word_1_53' title='bbox 155 911 254 966; x_wconf 91' lang='lat' dir='ltr'><strong>urbem</strong></span> <span class='ocrx_word' id='word_1_54' title='bbox 265 921 292 967; x_wconf 89' lang='lat' dir='ltr'><strong>et</strong></span> <span class='ocrx_word' id='word_1_55' title='bbox 303 911 384 967; x_wconf 90' lang='lat' dir='ltr'><strong>ludos</strong></span> <span class='ocrx_word' id='word_1_56' title='bbox 396 923 422 968; x_wconf 89' lang='lat' dir='ltr'><strong>et</strong></span> <span class='ocrx_word' id='word_1_57' title='bbox 434 913 532 968; x_wconf 90' lang='lat' dir='ltr'><strong>balnea</strong></span> <span class='ocrx_word' id='word_1_58' title='bbox 544 916 659 970; x_wconf 90' lang='lat' dir='ltr'><strong>villicus</strong></span> <span class='ocrx_word' id='word_1_59' title='bbox 672 928 764 989; x_wconf 85' lang='lat' dir='ltr'><strong>optas;</strong></span> <span class='ocrx_word' id='word_1_60' title='bbox 857 933 883 976; x_wconf 78' lang='lat' dir='ltr'><strong>ts</strong></span> 
     </span>
     <span class='ocr_line' id='line_1_10' title="bbox 64 987 725 1057; baseline 0.009 -16"><span class='ocrx_word' id='word_1_61' title='bbox 64 1003 111 1041; x_wconf 87' lang='lat' dir='ltr'><strong>mc</strong></span> <span class='ocrx_word' id='word_1_62' title='bbox 124 995 251 1044; x_wconf 80' lang='lat' dir='ltr'><strong>constare</strong></span> <span class='ocrx_word' id='word_1_63' title='bbox 262 987 333 1042; x_wconf 89' lang='lat' dir='ltr'><strong>mibi</strong></span> <span class='ocrx_word' id='word_1_64' title='bbox 343 990 399 1042; x_wconf 93' lang='lat' dir='ltr'><strong>scis</strong></span> <span class='ocrx_word' id='word_1_65' title='bbox 410 997 437 1043; x_wconf 89' lang='lat' dir='ltr'><strong>et</strong></span> <span class='ocrx_word' id='word_1_66' title='bbox 451 989 596 1045; x_wconf 74' lang='lat' dir='ltr'><strong>discedere</strong></span> <span class='ocrx_word' id='word_1_67' title='bbox 607 993 725 1057; x_wconf 78' lang='lat' dir='ltr'>tristem,</span> 
     </span>
     <span class='ocr_line' id='line_1_11' title="bbox 63 1062 793 1140; baseline 0.012 -25"><span class='ocrx_word' id='word_1_68' title='bbox 63 1062 304 1134; x_wconf 78' lang='lat' dir='ltr'><strong>quandocumque</strong></span> <span class='ocrx_word' id='word_1_69' title='bbox 317 1064 431 1119; x_wconf 88' lang='lat' dir='ltr'><strong>trabunt</strong></span> <span class='ocrx_word' id='word_1_70' title='bbox 441 1067 532 1119; x_wconf 78' lang='lat' dir='ltr'>Invisa</span> <span class='ocrx_word' id='word_1_71' title='bbox 545 1067 655 1140; x_wconf 82' lang='lat' dir='ltr'><strong>negotia</strong></span> <span class='ocrx_word' id='word_1_72' title='bbox 668 1068 793 1124; x_wconf 85' lang='lat' dir='ltr'><strong>Romam.</strong></span> 
     </span>
    </p>

    <p class='ocr_par' dir='ltr' id='par_1_8' title="bbox 62 1138 728 1208">
     <span class='ocr_line' id='line_1_12' title="bbox 62 1138 728 1208; baseline 0.011 -17"><span class='ocrx_word' id='word_1_73' title='bbox 62 1139 126 1192; x_wconf 89' lang='lat' dir='ltr'><strong>Non</strong></span> <span class='ocrx_word' id='word_1_74' title='bbox 138 1138 237 1192; x_wconf 86' lang='lat' dir='ltr'><strong>eadem</strong></span> <span class='ocrx_word' id='word_1_75' title='bbox 253 1139 399 1208; x_wconf 89' lang='lat' dir='ltr'><strong>miramur;</strong></span> <span class='ocrx_word' id='word_1_76' title='bbox 420 1157 452 1195; x_wconf 90' lang='lat' dir='ltr'><strong>eo</strong></span> <span class='ocrx_word' id='word_1_77' title='bbox 466 1141 643 1198; x_wconf 80' lang='lat' dir='ltr'><strong>disconvenit</strong></span> <span class='ocrx_word' id='word_1_78' title='bbox 655 1143 728 1199; x_wconf 89' lang='lat' dir='ltr'><strong>inter</strong></span> 
     </span>
    </p>

    <p class='ocr_par' dir='ltr' id='par_1_9' title="bbox 62 1215 880 1517">
     <span class='ocr_line' id='line_1_13' title="bbox 63 1215 822 1292; baseline 0.012 -25"><span class='ocrx_word' id='word_1_79' title='bbox 63 1230 168 1284; x_wconf 89' lang='lat' dir='ltr'><strong>meque</strong></span> <span class='ocrx_word' id='word_1_80' title='bbox 179 1222 251 1269; x_wconf 85' lang='lat' dir='ltr'><strong>otte:</strong></span> <span class='ocrx_word' id='word_1_81' title='bbox 264 1232 339 1279; x_wconf 86' lang='lat' dir='ltr'><strong>nam,</strong></span> <span class='ocrx_word' id='word_1_82' title='bbox 350 1215 537 1287; x_wconf 88' lang='lat' dir='ltr'><strong>quaedeserta</strong></span> <span class='ocrx_word' id='word_1_83' title='bbox 544 1217 718 1290; x_wconf 90' lang='lat' dir='ltr'><strong>etinhospita</strong></span> <span class='ocrx_word' id='word_1_84' title='bbox 725 1230 822 1292; x_wconf 87' lang='lat' dir='ltr'><strong>tesqua</strong></span> 
     </span>
     <span class='ocr_line' id='line_1_14' title="bbox 62 1288 880 1364; baseline 0.013 -22"><span class='ocrx_word' id='word_1_85' title='bbox 62 1288 169 1353; x_wconf 89' lang='lat' dir='ltr'><strong>credis,</strong></span> <span class='ocrx_word' id='word_1_86' title='bbox 182 1306 296 1344; x_wconf 86' lang='lat' dir='ltr'><strong>amoena</strong></span> <span class='ocrx_word' id='word_1_87' title='bbox 307 1299 387 1346; x_wconf 91' lang='lat' dir='ltr'><strong>vocat</strong></span> <span class='ocrx_word' id='word_1_88' title='bbox 397 1309 506 1346; x_wconf 92' lang='lat' dir='ltr'><strong>mecum</strong></span> <span class='ocrx_word' id='word_1_89' title='bbox 518 1292 568 1364; x_wconf 93' lang='lat' dir='ltr'><strong>qui</strong></span> <span class='ocrx_word' id='word_1_90' title='bbox 579 1294 674 1357; x_wconf 88' lang='lat' dir='ltr'><strong>sentit,</strong></span> <span class='ocrx_word' id='word_1_91' title='bbox 687 1305 713 1349; x_wconf 88' lang='lat' dir='ltr'><strong>et</strong></span> <span class='ocrx_word' id='word_1_92' title='bbox 723 1296 782 1351; x_wconf 92' lang='lat' dir='ltr'><strong>odit</strong></span> <span class='ocrx_word' id='word_1_93' title='bbox 853 1310 880 1354; x_wconf 85' lang='lat'><strong>20</strong></span> 
     </span>
     <span class='ocr_line' id='line_1_15' title="bbox 62 1365 824 1444; baseline 0.012 -26"><span class='ocrx_word' id='word_1_94' title='bbox 62 1373 173 1436; x_wconf 87' lang='lat' dir='ltr'><strong>quaetu</strong></span> <span class='ocrx_word' id='word_1_95' title='bbox 181 1365 298 1437; x_wconf 90' lang='lat' dir='ltr'><strong>pulchra</strong></span> <span class='ocrx_word' id='word_1_96' title='bbox 308 1375 401 1438; x_wconf 89' lang='lat' dir='ltr'><strong>putas.</strong></span> <span class='ocrx_word' id='word_1_97' title='bbox 413 1368 433 1422; x_wconf 84' lang='lat' dir='ltr'>F</span> <span class='ocrx_word' id='word_1_98' title='bbox 434 1370 515 1422; x_wconf 89' lang='lat' dir='ltr'><strong>ornix</strong></span> <span class='ocrx_word' id='word_1_99' title='bbox 525 1368 578 1423; x_wconf 91' lang='lat' dir='ltr'><strong>tibi</strong></span> <span class='ocrx_word' id='word_1_100' title='bbox 589 1379 617 1424; x_wconf 90' lang='lat' dir='ltr'><strong>et</strong></span> <span class='ocrx_word' id='word_1_101' title='bbox 627 1380 708 1425; x_wconf 87' lang='lat' dir='ltr'><strong>uncta</strong></span> <span class='ocrx_word' id='word_1_102' title='bbox 720 1373 824 1444; x_wconf 89' lang='lat' dir='ltr'><strong>popina</strong></span> 
     </span>
     <span class='ocr_line' id='line_1_16' title="bbox 62 1440 728 1517; baseline 0.006 -20"><span class='ocrx_word' id='word_1_103' title='bbox 62 1441 207 1498; x_wconf 91' lang='lat' dir='ltr'><strong>incutiunt</strong></span> <span class='ocrx_word' id='word_1_104' title='bbox 218 1440 296 1496; x_wconf 91' lang='lat' dir='ltr'><strong>urbis</strong></span> <span class='ocrx_word' id='word_1_105' title='bbox 307 1440 489 1507; x_wconf 89' lang='lat' dir='ltr'><strong>desiderium,</strong></span> <span class='ocrx_word' id='word_1_106' title='bbox 506 1443 599 1509; x_wconf 91' lang='lat' dir='ltr'><strong>video,</strong></span> <span class='ocrx_word' id='word_1_107' title='bbox 616 1453 643 1499; x_wconf 92' lang='lat' dir='ltr'><strong>et</strong></span> <span class='ocrx_word' id='word_1_108' title='bbox 652 1446 728 1517; x_wconf 90' lang='lat' dir='ltr'><strong>quod</strong></span> 
     </span>
    </p>

    <p class='ocr_par' dir='ltr' id='par_1_10' title="bbox 63 1516 681 1591">
     <span class='ocr_line' id='line_1_17' title="bbox 63 1516 681 1591; baseline 0.01 -22"><span class='ocrx_word' id='word_1_109' title='bbox 63 1516 188 1591; x_wconf 79' lang='lat' dir='ltr'><strong>angulus</strong></span> <span class='ocrx_word' id='word_1_110' title='bbox 198 1517 251 1571; x_wconf 90' lang='lat' dir='ltr'><strong>iste</strong></span> <span class='ocrx_word' id='word_1_111' title='bbox 263 1516 332 1572; x_wconf 88' lang='lat' dir='ltr'><strong>leret</strong></span> <span class='ocrx_word' id='word_1_112' title='bbox 342 1520 423 1591; x_wconf 92' lang='lat' dir='ltr'><strong>piper</strong></span> <span class='ocrx_word' id='word_1_113' title='bbox 434 1527 460 1574; x_wconf 96' lang='lat' dir='ltr'><strong>et</strong></span> <span class='ocrx_word' id='word_1_114' title='bbox 470 1528 515 1573; x_wconf 92' lang='lat' dir='ltr'><strong>tus</strong></span> <span class='ocrx_word' id='word_1_115' title='bbox 525 1520 605 1574; x_wconf 92' lang='lat' dir='ltr'><strong>ocius</strong></span> <span class='ocrx_word' id='word_1_116' title='bbox 615 1537 681 1585; x_wconf 87' lang='lat' dir='ltr'><strong>uva,</strong></span> 
     </span>
    </p>

    <p class='ocr_par' dir='ltr' id='par_1_11' title="bbox 63 1593 713 1667">
     <span class='ocr_line' id='line_1_18' title="bbox 63 1593 713 1667; baseline 0.009 -21"><span class='ocrx_word' id='word_1_117' title='bbox 63 1610 117 1647; x_wconf 91' lang='lat' dir='ltr'><strong>nec</strong></span> <span class='ocrx_word' id='word_1_118' title='bbox 128 1593 221 1648; x_wconf 91' lang='lat' dir='ltr'><strong>vicina</strong></span> <span class='ocrx_word' id='word_1_119' title='bbox 236 1593 333 1649; x_wconf 78' lang='lat' dir='ltr'><strong>subest</strong></span> <span class='ocrx_word' id='word_1_120' title='bbox 347 1596 443 1649; x_wconf 85' lang='lat' dir='ltr'><strong>viuum</strong></span> <span class='ocrx_word' id='word_1_121' title='bbox 456 1596 589 1667; x_wconf 89' lang='lat' dir='ltr'><strong>praebere</strong></span> <span class='ocrx_word' id='word_1_122' title='bbox 599 1596 713 1653; x_wconf 81' lang='lat' dir='ltr'><strong>taberna</strong></span> 
     </span>
    </p>

    <p class='ocr_par' dir='ltr' id='par_1_12' title="bbox 62 1669 893 1972">
     <span class='ocr_line' id='line_1_19' title="bbox 63 1669 893 1741; baseline 0.01 -18"><span class='ocrx_word' id='word_1_123' title='bbox 63 1684 138 1741; x_wconf 91' lang='lat' dir='ltr'><strong>quae</strong></span> <span class='ocrx_word' id='word_1_124' title='bbox 153 1670 241 1740; x_wconf 78' lang='lat' dir='ltr'><strong>possit</strong></span> <span class='ocrx_word' id='word_1_125' title='bbox 251 1669 314 1732; x_wconf 87' lang='lat' dir='ltr'><strong>tibi,</strong></span> <span class='ocrx_word' id='word_1_126' title='bbox 327 1687 378 1725; x_wconf 88' lang='lat' dir='ltr'><strong>nec</strong></span> <span class='ocrx_word' id='word_1_127' title='bbox 389 1673 521 1727; x_wconf 85' lang='lat' dir='ltr'><strong>meretrix</strong></span> <span class='ocrx_word' id='word_1_128' title='bbox 531 1672 659 1737; x_wconf 90' lang='lat' dir='ltr'><strong>tibicina,</strong></span> <span class='ocrx_word' id='word_1_129' title='bbox 672 1675 753 1729; x_wconf 90' lang='lat' dir='ltr'><strong>cuius</strong></span> <span class='ocrx_word' id='word_1_130' title='bbox 851 1674 893 1731; x_wconf 72' lang='lat'><strong>25&#39;</strong></span> 
     </span>
     <span class='ocr_line' id='line_1_20' title="bbox 64 1744 819 1825; baseline 0.009 -26"><span class='ocrx_word' id='word_1_131' title='bbox 64 1744 99 1799; x_wconf 93' lang='lat' dir='ltr'><strong>ad</strong></span> <span class='ocrx_word' id='word_1_132' title='bbox 111 1745 261 1816; x_wconf 85' lang='lat' dir='ltr'><strong>strepitum</strong></span> <span class='ocrx_word' id='word_1_133' title='bbox 275 1746 360 1801; x_wconf 87' lang='lat' dir='ltr'><strong>salias</strong></span> <span class='ocrx_word' id='word_1_134' title='bbox 373 1756 460 1801; x_wconf 89' lang='lat' dir='ltr'><strong>terrae</strong></span> <span class='ocrx_word' id='word_1_135' title='bbox 471 1749 582 1820; x_wconf 80' lang='lat' dir='ltr'><strong>gravIs:</strong></span> <span class='ocrx_word' id='word_1_136' title='bbox 595 1757 723 1804; x_wconf 87' lang='lat' dir='ltr'><strong>ettamen</strong></span> <span class='ocrx_word' id='word_1_137' title='bbox 736 1768 819 1825; x_wconf 81' lang='lat' dir='ltr'><strong>urges</strong></span> 
     </span>
     <span class='ocr_line' id='line_1_21' title="bbox 62 1820 801 1898; baseline 0.011 -24"><span class='ocrx_word' id='word_1_138' title='bbox 62 1820 233 1892; x_wconf 78' lang='lat' dir='ltr'><strong>Iampridem</strong></span> <span class='ocrx_word' id='word_1_139' title='bbox 245 1829 381 1876; x_wconf 83' lang='lat' dir='ltr'><strong>contacta</strong></span> <span class='ocrx_word' id='word_1_140' title='bbox 393 1821 536 1896; x_wconf 80' lang='lat' dir='ltr'><strong>lIgouibus</strong></span> <span class='ocrx_word' id='word_1_141' title='bbox 547 1840 627 1887; x_wconf 89' lang='lat' dir='ltr'><strong>arva,</strong></span> <span class='ocrx_word' id='word_1_142' title='bbox 643 1824 801 1898; x_wconf 85' lang='lat' dir='ltr'><strong>bovemque</strong></span> 
     </span>
     <span class='ocr_line' id='line_1_22' title="bbox 63 1896 770 1972; baseline 0.007 -22"><span class='ocrx_word' id='word_1_143' title='bbox 63 1896 238 1951; x_wconf 91' lang='lat' dir='ltr'><strong>disiunctum</strong></span> <span class='ocrx_word' id='word_1_144' title='bbox 250 1914 331 1951; x_wconf 87' lang='lat' dir='ltr'><strong>curas</strong></span> <span class='ocrx_word' id='word_1_145' title='bbox 342 1906 369 1952; x_wconf 85' lang='lat' dir='ltr'><strong>et</strong></span> <span class='ocrx_word' id='word_1_146' title='bbox 382 1899 487 1952; x_wconf 85' lang='lat' dir='ltr'><strong>strictis</strong></span> <span class='ocrx_word' id='word_1_147' title='bbox 501 1897 649 1953; x_wconf 82' lang='lat' dir='ltr'><strong>frondibus</strong></span> <span class='ocrx_word' id='word_1_148' title='bbox 658 1902 770 1972; x_wconf 86' lang='lat' dir='ltr'><strong>exples;</strong></span> 
     </span>
    </p>

    <p class='ocr_par' dir='ltr' id='par_1_13' title="bbox 63 1971 688 2045">
     <span class='ocr_line' id='line_1_23' title="bbox 63 1971 688 2045; baseline 0.005 -19"><span class='ocrx_word' id='word_1_149' title='bbox 63 1971 144 2026; x_wconf 85' lang='lat' dir='ltr'><strong>addit</strong></span> <span class='ocrx_word' id='word_1_150' title='bbox 153 1988 226 2043; x_wconf 89' lang='lat' dir='ltr'><strong>opus</strong></span> <span class='ocrx_word' id='word_1_151' title='bbox 236 1973 317 2045; x_wconf 77' lang='lat' dir='ltr'><strong>pigro</strong></span> <span class='ocrx_word' id='word_1_152' title='bbox 331 1972 419 2037; x_wconf 88' lang='lat' dir='ltr'><strong>rivus,</strong></span> <span class='ocrx_word' id='word_1_153' title='bbox 432 1975 455 2028; x_wconf 90' lang='lat' dir='ltr'><strong>si</strong></span> <span class='ocrx_word' id='word_1_154' title='bbox 470 1973 577 2029; x_wconf 84' lang='lat' dir='ltr'><strong>decidit</strong></span> <span class='ocrx_word' id='word_1_155' title='bbox 587 1973 688 2039; x_wconf 89' lang='lat' dir='ltr'><strong>imber,</strong></span> 
     </span>
    </p>

    <p class='ocr_par' dir='ltr' id='par_1_14' title="bbox 61 2047 878 2274">
     <span class='ocr_line' id='line_1_24' title="bbox 62 2047 878 2122; baseline 0.004 -20"><span class='ocrx_word' id='word_1_156' title='bbox 62 2048 152 2103; x_wconf 90' lang='lat' dir='ltr'><strong>multa</strong></span> <span class='ocrx_word' id='word_1_157' title='bbox 164 2047 237 2103; x_wconf 89' lang='lat' dir='ltr'><strong>mole</strong></span> <span class='ocrx_word' id='word_1_158' title='bbox 248 2047 390 2104; x_wconf 90' lang='lat' dir='ltr'><strong>docendus</strong></span> <span class='ocrx_word' id='word_1_159' title='bbox 400 2050 494 2122; x_wconf 86' lang='lat' dir='ltr'><strong>aprico</strong></span> <span class='ocrx_word' id='word_1_160' title='bbox 505 2066 619 2122; x_wconf 88' lang='lat' dir='ltr'><strong>parcere</strong></span> <span class='ocrx_word' id='word_1_161' title='bbox 629 2059 717 2122; x_wconf 88' lang='lat' dir='ltr'><strong>prato.</strong></span> <span class='ocrx_word' id='word_1_162' title='bbox 851 2061 878 2105; x_wconf 80' lang='lat' dir='ltr'><strong>ao</strong></span> 
     </span>
     <span class='ocr_line' id='line_1_25' title="bbox 61 2124 819 2196; baseline 0.004 -19"><span class='ocrx_word' id='word_1_163' title='bbox 61 2125 145 2178; x_wconf 93' lang='lat' dir='ltr'><strong>Nunc</strong></span> <span class='ocrx_word' id='word_1_164' title='bbox 155 2124 424 2196; x_wconf 81' lang='lat' dir='ltr'><strong>age,quiduostrum</strong></span> <span class='ocrx_word' id='word_1_165' title='bbox 435 2134 600 2181; x_wconf 86' lang='lat' dir='ltr'><strong>concentum</strong></span> <span class='ocrx_word' id='word_1_166' title='bbox 610 2124 729 2190; x_wconf 88' lang='lat' dir='ltr'><strong>dividat,</strong></span> <span class='ocrx_word' id='word_1_167' title='bbox 740 2124 819 2181; x_wconf 89' lang='lat' dir='ltr'><strong>audi.</strong></span> 
     </span>
     <span class='ocr_line' id='line_1_26' title="bbox 61 2198 755 2274; baseline 0.004 -22"><span class='ocrx_word' id='word_1_168' title='bbox 61 2198 153 2265; x_wconf 90' lang='lat' dir='ltr'><strong>Quem</strong></span> <span class='ocrx_word' id='word_1_169' title='bbox 166 2207 265 2255; x_wconf 89' lang='lat' dir='ltr'><strong>tenues</strong></span> <span class='ocrx_word' id='word_1_170' title='bbox 276 2201 395 2255; x_wconf 85' lang='lat' dir='ltr'><strong>decuere</strong></span> <span class='ocrx_word' id='word_1_171' title='bbox 405 2208 485 2274; x_wconf 81' lang='lat' dir='ltr'><strong>togae</strong></span> <span class='ocrx_word' id='word_1_172' title='bbox 496 2201 638 2273; x_wconf 89' lang='lat' dir='ltr'><strong>nitidique</strong></span> <span class='ocrx_word' id='word_1_173' title='bbox 648 2202 755 2273; x_wconf 89' lang='lat' dir='ltr'><strong>capilli,</strong></span> 
     </span>
    </p>

    <p class='ocr_par' dir='ltr' id='par_1_15' title="bbox 61 2276 878 2573">
     <span class='ocr_line' id='line_1_27' title="bbox 61 2276 779 2349; baseline 0.007 -21"><span class='ocrx_word' id='word_1_174' title='bbox 61 2292 149 2347; x_wconf 89' lang='lat' dir='ltr'><strong>quem</strong></span> <span class='ocrx_word' id='word_1_175' title='bbox 160 2276 217 2329; x_wconf 92' lang='lat' dir='ltr'><strong>scis</strong></span> <span class='ocrx_word' id='word_1_176' title='bbox 228 2276 381 2331; x_wconf 92' lang='lat' dir='ltr'><strong>immunem</strong></span> <span class='ocrx_word' id='word_1_177' title='bbox 393 2276 508 2339; x_wconf 86' lang='lat' dir='ltr'><strong>Cinarae</strong></span> <span class='ocrx_word' id='word_1_178' title='bbox 519 2276 661 2349; x_wconf 86' lang='lat' dir='ltr'><strong>placuisse</strong></span> <span class='ocrx_word' id='word_1_179' title='bbox 675 2277 779 2349; x_wconf 81' lang='lat' dir='ltr'><strong>rapaci,</strong></span> 
     </span>
     <span class='ocr_line' id='line_1_28' title="bbox 61 2350 775 2423; baseline 0.003 -18"><span class='ocrx_word' id='word_1_180' title='bbox 61 2367 149 2423; x_wconf 90' lang='lat' dir='ltr'><strong>quem</strong></span> <span class='ocrx_word' id='word_1_181' title='bbox 165 2350 296 2405; x_wconf 92' lang='lat' dir='ltr'><strong>bibulum</strong></span> <span class='ocrx_word' id='word_1_182' title='bbox 311 2351 413 2423; x_wconf 87' lang='lat' dir='ltr'><strong>liquidi</strong></span> <span class='ocrx_word' id='word_1_183' title='bbox 425 2351 517 2406; x_wconf 89' lang='lat' dir='ltr'><strong>media</strong></span> <span class='ocrx_word' id='word_1_184' title='bbox 533 2351 568 2406; x_wconf 91' lang='lat' dir='ltr'><strong>de</strong></span> <span class='ocrx_word' id='word_1_185' title='bbox 580 2351 642 2407; x_wconf 91' lang='lat' dir='ltr'><strong>luce</strong></span> <span class='ocrx_word' id='word_1_186' title='bbox 654 2352 775 2417; x_wconf 84' lang='lat' dir='ltr'><strong>Falerni,</strong></span> 
     </span>
     <span class='ocr_line' id='line_1_29' title="bbox 61 2426 878 2499; baseline 0.004 -18"><span class='ocrx_word' id='word_1_187' title='bbox 61 2426 819 2499; x_wconf 84' lang='lat' dir='ltr'><strong>coenabrevisiuvatetpropcrivumsomnusiuberba,</strong></span> <span class='ocrx_word' id='word_1_188' title='bbox 850 2438 878 2483; x_wconf 77' lang='lat' dir='ltr'><strong>tt</strong></span> 
     </span>
     <span class='ocr_line' id='line_1_30' title="bbox 62 2501 725 2573; baseline 0.003 -16"><span class='ocrx_word' id='word_1_189' title='bbox 62 2519 115 2557; x_wconf 90' lang='lat' dir='ltr'><strong>nec</strong></span> <span class='ocrx_word' id='word_1_190' title='bbox 127 2502 230 2557; x_wconf 84' lang='lat' dir='ltr'><strong>lusisse</strong></span> <span class='ocrx_word' id='word_1_191' title='bbox 242 2502 338 2573; x_wconf 90' lang='lat' dir='ltr'><strong>pudet,</strong></span> <span class='ocrx_word' id='word_1_192' title='bbox 350 2501 400 2557; x_wconf 90' lang='lat' dir='ltr'><strong>sed</strong></span> <span class='ocrx_word' id='word_1_193' title='bbox 412 2520 465 2557; x_wconf 91' lang='lat' dir='ltr'><strong>non</strong></span> <span class='ocrx_word' id='word_1_194' title='bbox 478 2502 603 2557; x_wconf 88' lang='lat' dir='ltr'><strong>incidere</strong></span> <span class='ocrx_word' id='word_1_195' title='bbox 614 2502 725 2559; x_wconf 89' lang='lat' dir='ltr'><strong>ludum.</strong></span> 
     </span>
    </p>

    <p class='ocr_par' dir='ltr' id='par_1_16' title="bbox 61 2578 810 2725">
     <span class='ocr_line' id='line_1_31' title="bbox 61 2578 810 2652; baseline 0.005 -21"><span class='ocrx_word' id='word_1_196' title='bbox 61 2580 123 2632; x_wconf 92' lang='lat' dir='ltr'><strong>Non</strong></span> <span class='ocrx_word' id='word_1_197' title='bbox 138 2578 204 2633; x_wconf 90' lang='lat' dir='ltr'><strong>istic</strong></span> <span class='ocrx_word' id='word_1_198' title='bbox 213 2578 328 2649; x_wconf 86' lang='lat' dir='ltr'><strong>obIIquo</strong></span> <span class='ocrx_word' id='word_1_199' title='bbox 339 2578 420 2634; x_wconf 89' lang='lat' dir='ltr'><strong>oculo</strong></span> <span class='ocrx_word' id='word_1_200' title='bbox 431 2594 491 2633; x_wconf 89' lang='lat' dir='ltr'><strong>mea</strong></span> <span class='ocrx_word' id='word_1_201' title='bbox 502 2578 648 2633; x_wconf 89' lang='lat' dir='ltr'><strong>commoda</strong></span> <span class='ocrx_word' id='word_1_202' title='bbox 658 2579 810 2652; x_wconf 88' lang='lat' dir='ltr'><strong>quisquam</strong></span> 
     </span>
     <span class='ocr_line' id='line_1_32' title="bbox 62 2652 736 2725; baseline 0.004 -18"><span class='ocrx_word' id='word_1_203' title='bbox 62 2654 153 2718; x_wconf 89' lang='lat' dir='ltr'><strong>limat,</strong></span> <span class='ocrx_word' id='word_1_204' title='bbox 166 2671 221 2708; x_wconf 94' lang='lat' dir='ltr'><strong>non</strong></span> <span class='ocrx_word' id='word_1_205' title='bbox 233 2652 298 2709; x_wconf 91' lang='lat' dir='ltr'><strong>odic</strong></span> <span class='ocrx_word' id='word_1_206' title='bbox 308 2653 429 2709; x_wconf 89' lang='lat' dir='ltr'><strong>obscuro</strong></span> <span class='ocrx_word' id='word_1_207' title='bbox 440 2670 592 2725; x_wconf 86' lang='lat' dir='ltr'><strong>morsuque</strong></span> <span class='ocrx_word' id='word_1_208' title='bbox 602 2663 736 2724; x_wconf 87' lang='lat' dir='ltr'><strong>venenat;</strong></span> 
     </span>
    </p>

    <p class='ocr_par' dir='ltr' id='par_1_17' title="bbox 61 2728 665 2803">
     <span class='ocr_line' id='line_1_33' title="bbox 61 2728 665 2803; baseline 0 -20"><span class='ocrx_word' id='word_1_209' title='bbox 61 2728 158 2783; x_wconf 88' lang='lat' dir='ltr'><strong>rident</strong></span> <span class='ocrx_word' id='word_1_210' title='bbox 172 2730 261 2784; x_wconf 88' lang='lat' dir='ltr'><strong>vicini</strong></span> <span class='ocrx_word' id='word_1_211' title='bbox 271 2729 369 2803; x_wconf 82' lang='lat' dir='ltr'><strong>glebas</strong></span> <span class='ocrx_word' id='word_1_212' title='bbox 379 2737 407 2784; x_wconf 90' lang='lat' dir='ltr'><strong>et</strong></span> <span class='ocrx_word' id='word_1_213' title='bbox 416 2746 484 2785; x_wconf 84' lang='lat' dir='ltr'><strong>saxa</strong></span> <span class='ocrx_word' id='word_1_214' title='bbox 495 2736 665 2785; x_wconf 85' lang='lat' dir='ltr'><strong>moventem.</strong></span> 
     </span>
    </p>
   </div>
   <div class='ocr_carea' id='block_1_4' title="bbox 61 2803 879 2936">
    <p class='ocr_par' dir='ltr' id='par_1_18' title="bbox 61 2803 879 2936">
     <span class='ocr_line' id='line_1_34' title="bbox 61 2803 879 2936; baseline -0.002 -77"><span class='ocrx_word' id='word_1_215' title='bbox 61 2803 134 2859; x_wconf 88' lang='lat' dir='ltr'><strong>Cum</strong></span> <span class='ocrx_word' id='word_1_216' title='bbox 145 2805 237 2860; x_wconf 88' lang='lat' dir='ltr'><strong>servis</strong></span> <span class='ocrx_word' id='word_1_217' title='bbox 248 2806 355 2861; x_wconf 88' lang='lat' dir='ltr'><strong>urbana</strong></span> <span class='ocrx_word' id='word_1_218' title='bbox 366 2804 453 2859; x_wconf 90' lang='lat' dir='ltr'><strong>diaria</strong></span> <span class='ocrx_word' id='word_1_219' title='bbox 464 2803 562 2860; x_wconf 89' lang='lat' dir='ltr'><strong>rodere</strong></span> <span class='ocrx_word' id='word_1_220' title='bbox 573 2803 675 2936; x_wconf 53' lang='lat' dir='ltr'><strong>malpip,</strong></span> <span class='ocrx_word' id='word_1_221' title='bbox 766 2872 770 2875; x_wconf 12' lang='grc' dir='ltr'><strong><em>ᾖ</em></strong></span> <span class='ocrx_word' id='word_1_222' title='bbox 850 2810 879 2858; x_wconf 83' lang='lat' dir='ltr'><strong>u</strong></span> 
     </span>
    </p>
   </div>
   <div class='ocr_carea' id='block_1_5' title="bbox 0 0 1084 3150">
    <p class='ocr_par' dir='ltr' id='par_1_19' title="bbox 0 0 1084 3150">
     <span class='ocr_line' id='line_1_35' title="bbox 0 0 1084 3150; baseline 0 1"><span class='ocrx_word' id='word_1_223' title='bbox 0 0 1084 3150; x_wconf 95' lang='lat' dir='ltr'><strong> </strong></span> 
     </span>
    </p>
   </div>
  </div>
 </body>
</html>
