2159 3150
412 319 618 364 l’OETlCA.
841 314 891 365 ‘293

137 421 208 492 quid
221 420 332 473 valeant
343 419 462 474 lrumeri.
493 418 545 475 Cui
557 418 625 473 lecta
636 425 762 489 potenter
771 419 823 473 erit
833 437 888 485 res,
923 428 951 474 to

138 513 191 550 nec
203 493 333 549 facundia
344 493 453 548 deseret
464 493 539 549 hunc
549 509 601 547 nec
612 492 723 548 lucidus
736 491 814 547 ordo.

138 571 255 628 Ordinis
265 569 333 623 haec
343 569 433 624 virtus
444 569 497 624 erit
507 577 535 623 et
544 568 647 632 Venus,
661 575 707 621 aut
718 583 770 638 ego
780 566 872 633 lallor,

139 647 236 700 utiam
250 660 324 698 nunc
335 644 409 698 dicat
419 645 475 698 iarn
486 660 561 698 nunc
571 642 703 697 debentia
713 640 781 705 dici,

140 721 275 792 pleraque
287 717 395 773 diflerat
405 729 432 774 et
441 735 573 790 praesens
583 719 612 772 in
623 726 734 788 tempus
743 717 869 784 omittat3

142 797 195 850 hoc
209 802 290 858 amet,
302 793 355 849 hoc
364 790 608 866 spernatpromissi
614 793 747 846 carminis
758 800 863 847 auctor.
924 798 952 847 lt

198 872 229 925 ln
240 869 336 924 verbis
347 872 430 923 etiam
440 869 532 922 tenuis
541 876 695 938 cautusque
709 866 845 931 serendis,

142 945 254 999 Dixeris
265 945 388 1017 egregie,
404 951 500 998 notum
510 944 534 996 si
547 943 649 997 callida
659 942 778 997 verbum

141 1019 297 1074 reddiderit
308 1021 436 1074 iunctura
448 1035 564 1073 novum.
591 1017 621 1072 Si
637 1016 705 1072 lorte
719 1033 832 1071 neeesse
841 1025 883 1072 eat

144 1095 260 1150 indiciis
270 1102 423 1149 monstrare
433 1092 591 1148 recentibus
603 1092 697 1147 abdita
710 1109 814 1154 rerum,

145 1169 250 1243 lingere
262 1169 393 1224 cinctutis
404 1184 456 1224 non
469 1167 600 1223 exaudita
615 1167 745 1239 Cethegis
928 1177 955 1222 tc

143 1246 286 1317 continget
300 1243 469 1315 dabiturque
481 1242 595 1297 licentia
604 1250 696 1297 sumta
707 1241 855 1312 pudenter.

145 1322 180 1374 Et
194 1337 264 1375 nova
275 1318 395 1389 fictaque
409 1335 498 1389 nuper
508 1317 653 1372 habebunt
665 1317 749 1372 verba
762 1315 855 1381 fidem,
873 1317 899 1371 si
942 1380 945 1384 ¹

144 1395 250 1450 Graeco
264 1393 338 1452 tonte
352 1392 452 1448 cadant
461 1410 544 1464 parce
554 1392 670 1447 detorta.
702 1389 777 1457 Quid
788 1399 881 1446 autem

146 1469 267 1526 Caecilio
281 1469 433 1538 Plautoque
444 1467 522 1522 dabit
532 1469 684 1530 Romanus,
696 1466 838 1520 ademtam
875 1476 877 1479 ·

147 1543 267 1619 Virgilio
276 1541 438 1614 varioquet
452 1544 511 1617 Ego
521 1559 580 1607 eur,
593 1543 737 1614 acquirere
746 1558 835 1614 pauca
931 1553 957 1596 55

149 1621 172 1674 si
184 1636 309 1691 possum,
322 1619 461 1682 invide0r‚
473 1636 561 1690 quum
573 1619 668 1691 lingua
674 1617 785 1674 Catonis
795 1618 900 1673 etEnnl

150 1711 305 1761 sermonem
315 1694 437 1765 patrium
448 1693 578 1750 ditaverit
588 1702 616 1749 et
626 1710 697 1749 nova
708 1708 800 1747 rerum

151 1770 263 1824 nomina
273 1766 437 1841 protulerit?
456 1769 549 1823 Licuit
557 1785 723 1841 semperque
734 1767 830 1822 licebit

150 1846 291 1917 signatum
301 1851 446 1915 praesente
456 1851 519 1899 nota
533 1842 686 1915 producere
695 1859 807 1897 nomen.

149 1919 185 1974 Ut
195 1919 283 1974 silvae
298 1917 373 1973 loliis
384 1934 484 1990 pronos
496 1926 638 1975 mutantur
647 1918 676 1971 in
687 1933 784 1979 annos,
933 1926 960 1971 tt

150 1994 241 2065 prima
252 1992 367 2048 cadunt:
384 1995 422 2048 ita
435 1993 586 2049 verborum
595 2001 676 2047 vetus
686 1991 783 2045 interit
794 2000 879 2057 aetas,

151 2077 178 2123 et
189 2070 323 2123 iuvenum
335 2070 390 2123 ritu
402 2066 499 2123 lloreut
510 2067 591 2123 modo
606 2075 669 2122 nata
679 2066 837 2136 virentque.

151 2144 289 2197 Debemm
299 2144 380 2198 morti
391 2153 615 2214 nosnostraque:
635 2142 834 2211 sivereceptus

152 2227 223 2273 terra
237 2220 382 2290 Neptunus
394 2217 497 2272 classes
507 2216 695 2288 Aquilonibus
706 2224 788 2278 arcet,

152 2293 228 2366 regis
238 2309 318 2365 opus,
330 2291 470 2347 sterilisve
484 2292 533 2347 diu
547 2292 629 2363 palus
640 2299 759 2362 aptaque
773 2291 857 2344 remis
934 2300 963 2344 ts

152 2369 261 2423 vicinas
271 2367 356 2422 urbes
367 2367 416 2421 alit
426 2376 454 2422 et
463 2383 549 2439 grave
558 2367 643 2421 sentit
656 2374 790 2432 aratrum;

152 2460 203 2497 seu
214 2458 328 2497 cursum
342 2442 461 2497 mutavit
471 2442 600 2512 iniquum
613 2440 742 2513 frugibus
756 2441 856 2502 amnis,

56 2550 60 2556 -
153 2518 252 2573 doctus
263 2518 315 2571 iter
326 2517 442 2585 melius;
459 2516 585 2571 mortalia
597 2516 667 2570 lacta
679 2516 825 2586 peribunt:

154 2592 259 2648 nedum
270 2608 429 2647 sermonum
440 2600 493 2664 stet
502 2592 591 2646 honos
600 2599 627 2645 et
637 2592 725 2663 gratia
737 2590 833 2645 vivax.

154 2668 241 2723 lllulta
251 2676 437 2729 renascentur,
450 2682 521 2738 quae
533 2668 588 2719 iam
598 2666 732 2728 cecidere,
743 2667 898 2735 cadentque
936 2673 965 2718 to

153 2758 226 2813 quae
237 2758 312 2796 nuuc
321 2750 387 2797 suut
397 2742 426 2795 in
437 2741 551 2803 honore,
564 2740 708 2803 vocabula,
720 2740 744 2793 si
757 2741 831 2795 volet
841 2757 920 2803 usus,

152 2834 238 2890 quem
246 2817 483 2889 penesarbitrinm
491 2824 532 2869 est
538 2816 614 2869 otius
621 2824 647 2869 et
658 2832 752 2869 norma
764 2814 908 2885 loquendi.
