2159 3150
398 315 539 360 LIBER.

316 531 528 596 EPODOS
572 532 618 590 tv.

146 650 180 690 lli
195 649 324 690 otmunt
337 649 509 690 Pouenlutt
523 650 600 689 cunt
616 647 783 693 LIBERTUU

405 717 529 756 MENAM.

385 845 488 855 ——..

89 954 140 989 ΙΙιι
149 954 286 994 mutiam
295 953 414 996 (leuentur,
430 957 453 987 ut
462 953 495 994 qut
505 962 528 986 ex
539 961 598 987 nervo
608 951 664 987 diver
674 958 692 987 et
701 953 790 989 tritanu„
800 951 840 988 ntt.

345 1017 410 1052 foetu
421 1017 455 1051 stt.
478 1017 534 1051 Mete.
545 1015 590 1050 111.

130 1107 225 1186 Lupis
237 1124 263 1169 et
273 1116 352 1187 agnis
365 1123 467 1185 quanta
478 1116 573 1169 sortito
584 1115 692 1188 obtigit,

170 1200 261 1244 tecum
274 1191 342 1244 mihi
355 1189 492 1244 discordia
508 1198 558 1252 est,

131 1266 248 1320 lberieis
260 1274 370 1336 peruste
382 1263 496 1319 lunibus
511 1263 582 1318 latus

170 1351 198 1395 et
208 1358 288 1394 crura
298 1340 366 1394 dura
378 1340 520 1410 compede.

133 1417 211 1471 Licet
224 1415 362 1487 superbus
374 1415 499 1468 ambules
510 1416 638 1486 pecunia,

173 1490 281 1546 lortuna
293 1508 346 1544 non
359 1499 445 1545 mutat
454 1507 553 1562 genus.

134 1567 264 1626 Videsne,
277 1565 388 1620 Sacram
400 1565 528 1620 metiente
540 1575 565 1619 te
577 1565 655 1621 Viam

172 1642 293 1697 cumbis
308 1642 389 1695 trium
401 1642 529 1696 ulnarum
543 1650 613 1713 toga,

133 1729 164 1774 ut
174 1735 221 1773 ora
233 1726 320 1771 vertat
331 1716 385 1771 buc
396 1726 422 1771 et
434 1717 488 1769 huo
499 1717 623 1771 euntium

173 1792 315 1848 liberrima
329 1788 502 1865 indignatio?

132 1870 248 1924 »Sectus
259 1865 375 1941 flagellis
390 1867 436 1921 hic
448 1864 669 1920 triumviralibus

171 1944 331 2015 »praeconis
342 1942 376 1997 ad
391 1942 531 1997 fastidium

134 2029 208 2074 uarat
219 2019 328 2073 Falerni
340 2017 416 2072 mille
429 2016 506 2070 luudi
519 2016 625 2088 iugera,

174 2103 215 2149 »et
224 2095 342 2165 Appiam
354 2094 462 2147 mannis
474 2091 546 2153 terit,

132 2168 343 2239 »sedilibusque
355 2186 471 2241 magnus
482 2167 509 2219 in
521 2164 619 2237 primis
633 2178 717 2235 eques

173 2243 294 2301 »Othone
305 2252 440 2298 contemto
449 2241 537 2296 sedet.

133 2318 224 2387 »Quid
234 2321 340 2382 attinet,
353 2327 391 2373 tot
400 2336 446 2373 ora
458 2317 571 2371 navium
582 2314 660 2387 gravi

174 2402 303 2449 »rostrata
315 2393 379 2449 duci
390 2392 511 2465 pondere

134 2481 245 2526 »contra
258 2469 375 2524 latrones
385 2478 467 2539 atque
477 2466 607 2521 servilem
620 2478 731 2517 manunt

174 2546 251 2610 uiroc,
265 2544 316 2600 boc
328 2545 438 2600 tribuno
449 2538 606 2597 militantia

393 2744 562 2759 ——n—
