2159 3150
319 301 479 357 ,sinen
515 305 536 348 n
721 289 752 369 ἦ
783 303 810 352 tt

74 402 192 467 brachio,
204 419 287 473 saepe
300 401 388 466 disoo.

108 495 191 549 saepe
201 485 277 532 trans
288 476 370 532 finem
384 477 475 532 ieonlo
485 475 588 532 nobilis
598 477 757 549 expedito?

72 552 143 618 Quid
156 552 231 615 latet,
243 560 274 605 ut
285 553 406 606 marinae

108 627 195 682 fitium
205 625 302 681 dionnt
312 626 437 682 Thetidis
448 625 501 682 sub
513 625 664 699 lacrymoso
675 628 770 689 Troiae
855 658 860 664 ·
948 623 952 630 ’

73 702 176 765 funera,
192 717 227 755 no
237 701 329 756 virilis
380 713 384 722 ·
842 714 866 756 15

106 776 198 831 cultus
209 777 238 830 in
248 775 360 830 cosdem
370 775 500 862 etLyoips
510 777 662 847 proriperet
671 774 812 830 catervas?

337 1046 362 1107 Ο
384 1047 409 1107 D
430 1048 454 1106 E
495 1047 547 1107 lx.
601 1075 604 1081 ·

256 1179 303 1220 nn
326 1177 640 1222 rnnnunonnn.-

65 1433 144 1470 Hiemi!
156 1436 246 1476 temporo
258 1431 396 1466 nonnosum
408 1431 509 1476 noratur,
522 1436 545 1466 rt
556 1432 607 1468 luto
620 1434 672 1468 dion
681 1434 777 1477 tmuint
791 1441 811 1470 ot

142 1505 224 1532 neom·
233 1495 294 1528 tntnri
303 1495 440 1537 praesentinus
450 1495 506 1530 bont·
516 1497 600 1531 imur.
622 1497 679 1531 Hetr-
688 1498 740 1533 m.

102 1604 211 1673 Vides,
222 1617 253 1664 ut
263 1608 316 1663 olto
326 1617 380 1663 stet
390 1610 454 1663 nive
464 1609 614 1665 candidum

104 1686 232 1747 Soracte,
240 1700 291 1737 nec
301 1684 356 1738 inm
366 1684 520 1739 sustineant
529 1701 600 1739 onus

141 1758 232 1815 silvae
243 1756 407 1821 laborantes,
421 1758 542 1831 geluque

182 1830 294 1887 flumina
304 1832 476 1887 constiterint
485 1842 575 1887 acuto.

102 1923 231 1978 Dissoivo
242 1922 340 1995 frigus,
357 1922 432 1995 ligno
442 1940 526 1995 super
536 1922 597 1979 iooo

101 1998 182 2069 largo
193 2013 336 2069 reponens.
348 2006 429 2067 itque
441 1996 592 2071 benignius

142 2072 274 2143 deprome
287 2070 463 2141 quadrimum
475 2070 588 2138 Sabina,

178 2163 195 2201 o
206 2145 377 2209 Thaliarche,
391 2163 495 2201 merum
506 2146 591 2201 dioto.
635 2196 643 2209 ,

100 2236 235 2291 Permitte
246 2237 320 2291 divis
331 2245 430 2291 cetero:
442 2238 492 2308 qui
503 2237 586 2293 simui

98 2321 226 2368 stravere
237 2320 333 2366 ventos
344 2327 460 2383 aequore
472 2310 578 2366 fervido

83 2425 87 2431 .
140 2384 354 2457 deproeliantes,
366 2402 416 2440 neo
427 2387 551 2457 cupressi

179 2475 229 2514 neo
241 2467 346 2514 veteres
358 2461 495 2533 agitentur
504 2461 576 2513 orni.

99 2549 178 2617 Quid
188 2550 226 2606 sit
236 2550 359 2606 futurum
370 2567 439 2613 cros,
453 2550 517 2623 iuge
527 2567 668 2623 quaerero.
680 2561 707 2605 et

98 2641 187 2696 quom
198 2641 258 2679 sors
268 2624 376 2679 dierum
387 2642 506 2695 cumque
516 2624 604 2688 dabit.
616 2625 692 2678 lucro

140 2715 263 2771 oppone;
277 2716 327 2753 neo
337 2699 433 2754 dulces
444 2716 550 2753 amores
840 2707 865 2747 ts
968 2746 972 2753 .

179 2790 279 2843 sperne
289 2791 368 2845 puer,
382 2790 472 2843 neque
482 2780 512 2826 tu
522 2772 645 2832 choreas,
