2159 3150
405 278 549 324 LIBER.
804 277 851 330 433

141 379 288 440 Feremus,
301 385 327 432 et
338 385 365 433 tc
374 377 420 432 vel
431 395 480 449 per
488 377 602 450 Alpium
616 380 691 453 iuga,

176 452 374 524 inhospitalem
388 460 415 507 et
425 453 588 518 Caucasum,

138 528 183 582 vel
195 526 356 583 Occidentis
364 545 454 600 usque
467 528 502 589 ad
513 529 643 584 ultimum
653 533 745 586 sinum

177 602 240 658 lorti
253 620 404 674 sequemur
416 612 536 674 pectore.

67 750 70 755 Ι
139 679 237 751 Reges,
250 685 330 732 tuum
340 678 434 734 labore
444 678 514 750 quid
524 679 618 734 iuvem
629 697 699 746 msc,
878 694 903 738 tt

174 752 299 808 imbellis
310 771 342 808 ac
355 752 450 808 firmus
461 753 577 825 parum?

136 828 236 884 Comes
245 829 352 883 minore
361 846 423 886 sum
439 828 548 884 iuturus
562 831 590 884 in
606 841 690 896 metu,

174 906 225 974 qui
236 904 324 958 maior
336 903 464 958 absentes
475 904 571 972 babet3

135 989 166 1034 ut
175 978 308 1033 adsidens
320 979 504 1050 implumibus
513 979 601 1052 pullis
612 981 673 1036 avis

172 1055 346 1126 serpentium
357 1054 489 1126 adlapsus
500 1056 580 1110 timet

134 1131 226 1202 magis
236 1130 356 1194 relictis,
367 1147 434 1194 non,
447 1139 477 1185 ut
489 1128 571 1193 adsit,
584 1130 671 1186 auxili

172 1205 260 1260 latura
274 1205 339 1276 plus
351 1204 555 1277 praesentibus.
636 1251 638 1258 ,

133 1281 266 1336 Libenter
279 1281 332 1336 bec
343 1289 372 1335 et
380 1297 462 1336 cnane
472 1279 640 1337 militabitur

172 1355 279 1411 bellum
288 1356 318 1410 in
328 1364 392 1411 tuae
401 1372 480 1427 spem
489 1357 604 1428 gratim,
640 1417 641 1422 ἵ

134 1448 189 1486 non
200 1440 232 1486 ut
241 1431 369 1487 iuvencis
378 1431 486 1504 illigata
498 1431 629 1503 pluribus

172 1515 262 1562 aratra
272 1507 396 1562 nitantur
407 1523 477 1571 mea,

132 1600 256 1655 pecusve
266 1582 392 1639 Calabris
405 1592 468 1638 ante
480 1581 560 1637 sidus
571 1580 710 1637 fervidum

171 1660 283 1713 Lucana
294 1666 381 1714 mutet
389 1659 512 1730 pascuis,

132 1751 184 1787 nec
195 1743 226 1787 ut
236 1734 350 1805 superni
362 1734 429 1789 villa
440 1732 562 1788 candens
573 1732 686 1789 Tusculi
788 1754 791 1758 ·

170 1809 283 1864 Circaea
294 1817 388 1881 tangat
398 1808 516 1863 moenia.
871 1816 897 1861 tt

131 1884 206 1939 Satis
216 1900 357 1955 superque
367 1901 412 1939 me
423 1883 581 1957 benignitas
592 1891 638 1937 tua

170 1959 282 2015 ditavit.
323 1960 400 2014 Haud
410 1975 553 2032 paravero,

131 2035 208 2106 quod
220 2044 267 2089 aut
279 2052 386 2097 avarus,
399 2044 429 2090 ut
439 2034 581 2096 Chremes,
593 2040 663 2088 terra
674 2048 807 2103 premam,

170 2110 327 2165 discinctus
338 2120 385 2165 aut
395 2110 510 2181 perdam
522 2117 552 2164 ut
562 2124 658 2180 nepos.

319 2309 538 2371 EPODOS
580 2308 615 2369 11.

92 2566 185 2609 arpalum
197 2566 345 2601 foeneratorem
358 2565 435 2600 inducit
450 2566 512 2600 vitem
525 2564 620 2599 mattam
637 2562 761 2605 uadentem,
779 2570 844 2603 aaut

113 2629 201 2673 laudm,
209 2631 276 2664 umen
285 2629 311 2664 sd
319 2629 426 2673 pristinum
435 2629 489 2664 vitu
498 2638 561 2671 cenna
570 2628 692 2663 radentem.
716 2626 772 2661 latr,
781 2625 826 2660 ΧΠ.

91 2700 215 2766 »Beatus
225 2710 284 2775 ille,
296 2712 345 2782 qui
357 2710 451 2782 procul
463 2709 592 2783 negotiis,

130 2796 177 2841 »at
185 2787 277 2859 prisca
288 2803 357 2859 gens
369 2785 535 2847 mortalium,
