2159 3150
243 293 289 346 llll
521 296 706 343 EPODON

281 398 367 454 Movit
378 406 504 468 nopotem
516 395 656 467 Telephus
666 397 806 461 Nomium,

281 476 310 528 in
321 488 405 543 quem
416 470 556 543 superbus
565 470 705 526 ordinarat
716 473 826 546 agmina

280 550 419 621 Mysorum
430 556 457 601 et
467 547 495 601 in
506 562 589 617 quom
601 546 654 601 tola
665 556 744 601 acuta
755 555 881 602 torserat.
969 612 972 616 ἴ

281 623 390 678 Unxero
401 630 502 677 matres
511 620 578 675 lliae
589 620 731 676 addictum
744 621 810 677 laris

279 696 394 753 alitibus
406 705 489 767 atque
499 695 617 750 canibus
627 696 797 751 homicidam
808 698 967 763 Hectorem,

280 781 426 846 postquam
437 771 544 827 relictis
552 771 698 826 moenibus
709 789 760 827 rex
769 772 899 844 procidit·

280 848 349 903 haul
366 846 520 919 pervicacis
533 846 568 901 ad
579 845 666 918 podas
673 846 804 903 Achillei.

276 923 371 979 Sotosa
381 923 460 978 duris
471 938 573 977 exuero
584 921 708 993 pellibus

280 997 412 1053 laboriosi
423 997 544 1069 remiges
555 996 648 1052 Ulixei
719 1005 723 1011 '

278 1072 387 1129 volanlo
397 1072 475 1129 Circa
489 1071 628 1128 mambra:
639 1081 706 1126 tunc
715 1088 795 1126 maus
803 1080 830 1126 ot
839 1087 926 1127 soom

280 1148 405 1220 relapsus
416 1157 499 1219 alquo
508 1155 590 1203 nolus
601 1147 630 1202 in
644 1147 739 1202 vultus
750 1146 847 1202 honor.

280 1223 349 1278 Dedi
360 1224 427 1278 salis
436 1239 579 1295 superque
591 1238 743 1294 poenarum
753 1221 815 1285 tibi,

277 1306 365 1353 amata
376 1299 468 1353 nautis
478 1298 598 1353 multum
608 1306 636 1352 al
649 1296 833 1352 institoribus.

239 1428 242 1435 ,
279 1374 362 1447 Fugit
371 1373 499 1429 iuventas
513 1382 540 1428 ol
550 1371 725 1428 verecundus
736 1373 811 1428 color

280 1448 394 1521 reliquit
404 1465 466 1503 ossa
477 1448 552 1521 pollo
562 1450 663 1503 amicta
677 1446 782 1514 lurida;

281 1524 337 1581 tuis
351 1522 470 1596 capillus
481 1523 563 1580 albus
573 1532 615 1579 ast
627 1522 770 1587 odoribus.

281 1599 390 1655 nullum
402 1599 437 1654 ab
448 1599 540 1655 laboro
554 1615 599 1654 ma
613 1599 729 1654 reclinat
738 1600 840 1654 otium:

279 1683 360 1748 urget
370 1673 444 1729 diem
456 1691 511 1731 uox
521 1684 549 1730 al
559 1674 621 1730 dias
630 1682 749 1737 noctem,
762 1689 851 1745 nequo
861 1681 905 1728 ost

283 1750 375 1805 lavare
386 1758 460 1805 teuta
471 1751 572 1822 spiritu
584 1747 756 1821 praecordia.

280 1825 318 1880 Er
337 1836 497 1898 onagatum
512 1826 609 1880 vincor
619 1832 649 1879 ut
658 1824 768 1879 credam
780 1825 874 1887 miser,
938 1882 941 1888 ,

282 1841 393 1956 Saleiio
403 1909 500 1972 pectus
511 1901 655 1971 increpare
665 1899 786 1954 carmina

281 1984 421 2048 caputque
434 1977 523 2032 Marsa
537 1975 662 2030 dissilire
674 1975 766 2030 nenia.
792 1988 795 1994 '

279 2050 353 2119 Quid
365 2051 486 2124 amplius
497 2049 561 2106 vis‘l
579 2048 603 2106 0
616 2067 701 2112 mara,
713 2067 730 2105 o
741 2049 826 2104 terra!
838 2046 936 2112 arduo,

282 2135 416 2199 quantum
428 2143 518 2198 noque
528 2134 586 2181 atro
596 2124 739 2180 delibutus
749 2123 882 2179 Hercules

281 2201 361 2258 Nessi
372 2218 479 2265 cruore,
493 2218 544 2257 nec
555 2199 656 2255 Sicana
666 2199 775 2256 lorvida

281 2277 375 2332 furens
387 2277 415 2332 in
426 2277 511 2332 Aetna
524 2275 645 2331 flamma.
686 2276 737 2339 Tu,
749 2274 837 2329 donoc
847 2274 919 2328 cinis

281 2351 426 2407 iniuriosis
435 2351 531 2408 aridus
541 2351 633 2408 ventis
643 2349 724 2414 ferar,

281 2427 355 2482 calos
369 2428 485 2483 venenis
498 2425 611 2483 officina
620 2425 771 2482 Colchicis.

280 2502 356 2568 Quas
367 2500 430 2558 finis
444 2510 491 2557 aut
501 2502 577 2574 quod
589 2519 632 2557 mc
645 2508 738 2556 manat
747 2496 945 2572 stipendium?

282 2576 384 2633 Effare:
402 2579 493 2633 iussas
504 2594 569 2633 cum
582 2575 634 2631 lide
645 2593 748 2648 poenas
759 2575 843 2636 luam,

281 2660 394 2724 paratus
406 2653 528 2725 expiare,
542 2669 591 2706 seu
603 2651 761 2723 poposceris

281 2734 393 2781 centum
404 2728 547 2791 iuvencos,
559 2728 621 2782 sivo
631 2726 758 2781 mendaci
770 2725 829 2798 lyra

282 2802 359 2857 voles
370 2803 475 2856 sonari:
489 2812 517 2857 lu
530 2802 641 2873 pudica,
654 2811 682 2857 tu
693 2800 779 2873 proba
