2159 3150
351 288 427 331 nic.
450 290 463 329 ι.
490 282 580 335 sur.
600 291 629 333 v.
817 286 861 339 888

119 391 161 439 »ui
171 386 352 441 loretexsectc
360 388 458 449 irene«
466 390 566 460 inquit,
575 390 655 459 »quid
666 391 865 463 lacerasquum

118 465 176 515 usic
187 462 303 515 mutilus
314 462 485 517 miniterisln
505 464 540 518 At
550 465 592 517 illi
602 465 678 518 foeda
690 467 805 521 cicatrix
896 482 921 523 tu

119 548 238 591 setosam
252 538 322 591 laevi
335 536 449 593 frontem
463 549 620 612 turpaverat
629 543 695 595 eris.

119 612 293 683 Campanum
304 614 332 665 in
344 614 480 678 morbum,
493 615 520 667 in
533 614 630 669 laniem
641 616 776 686 permulta
788 618 904 685 iocatus,

120 696 258 758 pastorem
270 688 380 743 saltaret
391 690 431 743 uti
443 689 707 763 Cyclope,·rogabatr

119 762 159 816 nil
172 763 214 817 illi
227 764 302 818 larva
313 774 359 818 aut
369 766 481 837 tragicis
492 782 562 836 opus
573 782 632 819 esse
642 767 794 822 cothurnis.

119 838 205 893 Multa
216 838 337 894 Cicirrus
349 840 382 894 ad
394 840 474 894 haec:
490 840 618 895 donasset
630 843 720 895 iamne
730 853 853 899 catenam
896 857 922 900 85

119 931 154 967 ex
166 924 228 969 voto
239 914 366 978 Laribus,
382 916 544 986 quaerebat;
557 916 648 971 scriba
658 916 732 989 quod
744 931 826 984 esset,

97 1008 99 1013 ¹
119 990 243 1043 deterius
255 990 344 1045 nihilo
355 988 481 1045 dominae
493 992 537 1045 ius
547 1008 618 1045 esse.
650 993 772 1066 Rogabat

118 1064 252 1135 denique,
265 1082 314 1119 cur
324 1083 455 1138 umquam
467 1066 593 1139 fugisset,
606 1068 651 1121 cui
661 1070 727 1122 satis
742 1087 795 1124 una

120 1140 202 1194 larris
213 1140 283 1195 libre
295 1140 371 1206 foret,
385 1142 482 1215 gracili
493 1144 533 1197 sic
544 1152 655 1215 tamque
664 1144 784 1216 pusille?

121 1217 235 1269 Prorsus
246 1217 366 1271 iucunde
377 1234 490 1271 coenam
501 1217 684 1289 produximus
695 1219 781 1274 illam.
895 1233 922 1275 tt

119 1292 273 1345 Tendimus
294 1292 358 1346 hino
374 1302 446 1347 recta
461 1294 663 1356 Beneventum,
683 1294 733 1349 ubi
751 1296 866 1351 sedulus
890 1350 895 1355 ,

92 1372 95 1379 ’
616 1368 716 1441 hospes
930 1369 932 1372 ’

119 1460 208 1513 paene
219 1459 324 1497 macros
335 1444 401 1497 arsit
412 1443 477 1497 dum
489 1442 583 1497 turdos
595 1447 723 1498 versatio
735 1444 809 1518 igni:

120 1536 183 1571 nam
199 1535 267 1591 vaga
281 1536 328 1590 per
339 1529 457 1573 veterent
471 1519 580 1591 dilapso
590 1518 697 1574 llamma
709 1521 831 1575 culinam

119 1594 244 1649 Vulcano
255 1613 394 1649 summum
407 1595 570 1666 properabat
581 1596 701 1650 lambere
712 1606 824 1652 tectum.

120 1663 260 1725 Convivas
271 1671 366 1725 avidos
378 1687 490 1725 coenam
501 1688 651 1740 servosque
662 1673 789 1728 timentes
897 1684 923 1727 15

120 1755 180 1800 tum
191 1762 287 1816 rapere
297 1755 377 1817 atque
387 1763 482 1801 omues
492 1748 663 1820 restinguere
670 1748 867 1803 vellevideres.

120 1821 222 1892 incipit
234 1838 268 1874 ex
279 1822 328 1876 illo
339 1831 445 1876 montes
456 1822 577 1894 Appulia
588 1833 665 1878 notes

118 1899 258 1950 ostentare
268 1896 348 1960 mihi,
360 1914 430 1968 ques
441 1907 523 1952 torret
533 1898 669 1954 Atabulus
679 1908 706 1954 et
716 1915 785 1969 quos

120 1989 275 2044 numquam
287 1990 456 2044 erepsemus‚
470 1975 524 2027 nisi
536 1991 586 2027 nos
597 1977 688 2029 vicina
696 1974 803 2028 ‘Trivici

120 2047 189 2101 villa
200 2049 361 2119 recepisset,
374 2046 526 2122 lacrymoso
537 2067 591 2103 non
601 2051 661 2104 sine
674 2049 758 2112 iumc,
897 2058 924 2103 88

120 2122 191 2178 udos
202 2141 266 2178 cum
278 2123 353 2178 foliis
364 2141 454 2179 ramos
464 2134 561 2178 urente
571 2127 689 2181 camino.

120 2200 172 2258 Hic
184 2216 236 2274 ego
247 2199 406 2254 mendacem
418 2199 601 2254 stultissimus
611 2217 700 2272 usque
709 2200 830 2272 puellam

120 2274 546 2347 admediamnoetemexspect03
560 2293 672 2329 somnus
681 2275 868 2330 tamenaulert

120 2352 259 2405 intentum
270 2351 384 2405 Veneri:
397 2360 454 2406 tum
467 2350 610 2405 immundo
620 2353 725 2406 somnia
737 2353 800 2406 visu

121 2434 283 2482 nocturnam
290 2435 396 2481 vestem
403 2425 542 2482 maculant
551 2437 730 2497 ventremque
740 2427 884 2499 supinum.
899 2437 925 2481 85

120 2501 257 2568 Quattuor
267 2502 333 2556 hinc
346 2503 470 2574 rapimur
481 2503 582 2574 viginti
593 2512 620 2556 et
630 2503 718 2556 millia
730 2501 833 2566 rhedis,

121 2578 247 2632 mansuri
259 2577 403 2650 oppidulo,
418 2576 493 2650 quod
505 2594 587 2631 versu
598 2577 690 2632 dicere
702 2595 754 2632 non
766 2587 816 2641 est,

121 2654 213 2727 signis
223 2653 356 2726 perfacile
368 2664 418 2708 est.
450 2653 532 2707 Venit
543 2653 679 2708 vilissima
691 2670 782 2708 rerum

121 2728 170 2784 hic
180 2746 267 2800 aqua3
281 2728 330 2783 sed
341 2730 421 2800 panis
434 2730 515 2800 longe
527 2727 741 2798 pulcherrimus,
753 2728 825 2781 ultra

97 2805 245 2860 ·2ellidus
257 2813 287 2858 ut
298 2805 383 2859 soleat
394 2804 518 2858 humeris
528 2813 635 2872 portare
646 2804 747 2857 viator:
901 2810 929 2853 te
