2159 3150
213 277 259 327 tta
491 274 673 326 Ep'ouux

209 397 289 455 agros
299 388 380 450 atque
390 379 474 435 Lares
483 382 585 451 patrios
604 379 808 455 habitandaque
822 384 885 454 fana

152 468 178 511 tu
246 455 320 526 apris
333 454 444 525 reliquit
455 463 480 508 et
490 455 638 526 rapacibus
653 456 736 527 lupis,

208 527 956 603 ire‚pedesquoc'umqueferentquocumqueperundas

246 604 332 657 Notus
343 602 453 657 vocabit
463 612 510 658 aut
520 612 665 676 protervus
674 603 795 660 Africus.

209 674 954 749 Sicplacetlanmeliusquisbabetsuadere‘lQuodn

246 760 330 807 ratem
341 767 475 823 occupare
484 750 555 824 quid
565 769 703 808 moramur
713 753 796 809 alite‘l

153 841 177 884 25
207 826 263 884 Sed
273 826 397 881 iuremus
407 826 437 880 in
448 825 530 881 baec:
546 826 631 882 simul
643 828 707 881 imis
717 846 782 883 saxa
794 830 917 885 renarint

244 899 324 956 vadis
335 899 433 965 levata,
445 918 479 955 ne
490 900 581 955 redire
590 903 627 956 sit
636 901 726 970 neias;

206 994 260 1033 neu
271 991 402 1030 conversa
413 974 526 1030 demum
537 976 632 1049 pigeat
641 976 707 1031 dare
717 977 810 1042 lintea,
823 977 938 1050 quando

244 1048 336 1106 Padus
345 1050 447 1106 Matina
459 1048 557 1105 laverit
567 1052 721 1116 cacumina,

205 1128 234 1181 in
245 1141 319 1180 mare
329 1141 379 1179 seu
390 1124 482 1179 celsus
492 1126 651 1197 proruperit
661 1124 833 1197 Apenninus,

150 1214 176 1257 tu
242 1215 370 1271 novaque
380 1207 500 1254 monstra
511 1200 634 1256 iunxerit
646 1200 763 1256 libidine

205 1276 293 1330 mirus
304 1290 389 1338 amor,
405 1274 482 1330 iuvet
492 1283 522 1329 ut
532 1276 619 1348 tigres
629 1274 774 1331 subsidere
785 1277 885 1340 cervis,

242 1346 411 1404 adulteretur
421 1356 448 1403 et
461 1348 588 1405 columba
600 1349 696 1413 miluo.

206 1422 320 1480 credula
329 1439 381 1479 nec
390 1420 476 1478 llavos
487 1422 601 1479 timeant
612 1434 732 1479 armenta
744 1423 846 1489 leones,

242 1505 371 1570 ametque
380 1497 452 1553 salsa
462 1498 535 1553 levis
547 1498 641 1553 hircus
652 1514 781 1571 aequora.

150 1587 176 1630 tt
199 1577 287 1639 llaec,
301 1583 329 1628 et
338 1589 410 1645 quae
419 1582 547 1646 poterunt
557 1572 662 1629 reditus
671 1572 834 1629 abscindere
842 1573 952 1637 dulces.

136 1713 137 1716 Ἴ
244 1665 339 1706 eamus
349 1649 440 1704 omnis
451 1658 591 1704 exsecrata
602 1649 710 1710 civitas,

122 1727 137 1796 j
205 1733 253 1780 aut
267 1741 331 1797 pars
341 1722 457 1779 indocili
471 1724 570 1779 melior
578 1740 626 1798 gre
647 1741 672 1778 e.
711 1723 804 1780 Mollis
814 1732 841 1778 et
850 1740 955 1795 exspes

243 1799 393 1856 inominata
404 1799 556 1871 perprimat
564 1740 683 1854 cubiiia:

206 1892 267 1939 vos,
279 1872 383 1945 quibus
394 1881 436 1928 est
446 1874 546 1938 virtus,
561 1872 726 1929 muliebrem
736 1871 824 1927 tollite
835 1871 952 1935 luctum,

149 1957 175 2004 to
241 1949 356 2004 Etrusca
371 1957 478 2020 praeter
491 1955 518 2003 et
529 1949 619 2005 volate
631 1947 730 2003 littora.

206 2025 262 2079 Nos
274 2032 366 2078 manet
375 2022 501 2079 Oceanus
512 2023 722 2097 circumvagus3
736 2037 809 2084 arva,
823 2019 901 2075 beata

244 2107 370 2170 petamus
381 2115 445 2152 arva
455 2097 558 2154 divites
569 2108 596 2153 et
605 2098 720 2161 insulas,

206 2171 298 2228 reddit
308 2172 357 2228 ubi
369 2173 494 2229 Cererem
505 2172 588 2228 tellus
599 2175 702 2228 inarata
712 2171 860 2242 quotannis

244 2256 271 2303 et
284 2248 417 2319 imputata
432 2245 508 2302 floret
521 2263 610 2318 usque
623 2247 714 2311 vinea,

151 2329 176 2376 u
205 2323 342 2396 germinat
355 2331 381 2377 et
392 2340 542 2394 numquam
555 2322 676 2378 fallentis
690 2331 790 2376 termes
802 2319 893 2375 olivae

244 2413 379 2469 suamque
391 2398 467 2472 pulla
482 2397 551 2452 ficus
561 2406 639 2452 ornat
648 2396 783 2459 arborem,

208 2471 288 2527 mella
300 2489 367 2527 cava
378 2481 489 2527 manant
500 2489 536 2527 ex
547 2471 621 2536 ilice,
635 2469 774 2527 montibus
785 2468 848 2524 altis

247 2546 317 2602 levis
328 2551 456 2617 crepante
467 2545 581 2619 lympha
592 2545 686 2600 desilit
695 2543 777 2616 pede.

207 2618 268 2675 lllic
278 2621 401 2676 iniussae
412 2621 528 2680 veniunt
541 2620 574 2675 ad
587 2621 702 2675 mulctra
712 2617 834 2690 capellae

149 2703 191 2747 5⁰.
246 2693 384 2765 refertque
398 2703 470 2749 tenta
482 2711 550 2766 grex
561 2696 667 2749 amicus
677 2693 775 2760 ubera3

207 2783 260 2821 nec
273 2769 448 2837 vespertinus
459 2769 652 2841 circumgemit
665 2765 840 2829 maurovila,
