2159 3150
337 280 474 326 LIBER
512 281 553 327 W.
771 276 818 332 427

144 381 189 438 via
200 379 319 437 formosa
328 380 430 444 videri,

181 456 315 528 ludisque
325 465 352 511 et
360 455 437 511 bibis
450 455 607 529 impudens¹

106 558 136 607 et
145 557 229 606 cautu
239 547 358 604 tremulo
367 555 431 620 pota
441 546 607 620 Cupidinem

107 625 215 682 lentum
225 623 371 680 sollicitae.
410 623 461 680 Ille
472 624 588 679 virentis
599 632 625 680 et

147 700 243 757 doctae
254 699 374 773 psallere
384 697 468 754 Chiae

180 775 308 848 pulchris
318 773 438 830 excubat
451 774 582 847 ingenis.

105 869 286 940 Importunus
295 866 371 923 euim
380 865 531 922 transvolat
542 865 632 922 aridas

106 959 230 1016 quercus
240 952 267 998 et
277 940 381 1015 refugit
390 950 427 1005 te,
439 943 505 1013 quia
516 940 601 996 luridi
847 954 872 998 aa

145 1017 243 1073 dentes
253 1026 289 1082 ie,
301 1017 368 1088 quia
378 1032 464 1090 rugae

180 1092 536 1166 turpanteteapitisuivea.

104 1188 164 1242 Nee
174 1184 245 1242 Coae
255 1183 378 1240 referunt
388 1186 443 1239 iam
454 1183 506 1240 tihi
515 1201 655 1257 purpurae

106 1278 160 1318 nee
169 1261 237 1317 olari
249 1259 357 1331 lapides
366 1267 499 1331 tempora,
511 1275 583 1332 quae
593 1259 677 1316 semel

144 1336 217 1392 notis
228 1333 338 1390 condita
348 1332 427 1390 fastis
846 1347 870 1390 15

178 1410 295 1465 inclusit
304 1410 427 1465 volucris
436 1409 508 1465 dias.

104 1502 166 1572 Quo
175 1501 249 1578 fugit
258 1499 370 1558 Venus?
381 1501 449 1556 haul
466 1519 558 1573 quove
568 1500 659 1558 color?
670 1501 770 1560 decana

104 1594 162 1653 quo
172 1575 281 1635 motus?
293 1578 361 1649 quid
373 1577 459 1633 habes
468 1578 556 1643 illiue,
569 1578 656 1642 iliius,

143 1670 215 1727 quae
227 1653 353 1726 spirabat
362 1670 477 1717 amores,

179 1746 252 1801 quae
262 1745 306 1783 me
316 1737 462 1801 surpuerat
471 1727 552 1793 mihi,

104 1820 175 1877 felix
188 1829 251 1893 poet
261 1819 397 1884 Cinaram,
413 1828 532 1893 uotaque
542 1828 570 1877 et
579 1822 679 1877 artium

103 1906 246 1971 gratarum
257 1894 360 1951 iacies?
377 1895 433 1951 Sed
447 1894 561 1952 Cinarae
572 1895 671 1953 breves

143 1987 231 2026 annos
245 1970 454 2035 iatadederuut,

180 2054 322 2101 servatura
335 2045 385 2101 diu
397 2062 494 2119 parem

101 2138 223 2195 aornicia
233 2138 342 2194 vetulae
354 2138 525 2210 temporibus
535 2139 637 2212 Lycen,
842 2146 868 2193 2⁵

101 2221 217 2287 possent
227 2222 258 2269 ut
266 2214 382 2270 iuuenes
391 2215 483 2269 visera
493 2212 594 2271 fervidi

144 2288 232 2344 multo
241 2305 295 2343 uon
306 2290 367 2345 siue
377 2290 436 2345 riau

177 2364 316 2436 dilapsam
326 2364 356 2419 iu
369 2364 476 2420 eineres
488 2362 576 2419 facem

353 2648 519 2663 Μ
