2159 3150
348 315 428 358 niu.
449 315 466 359 r.
491 314 581 359 snr.
600 314 619 357 1.
809 308 855 362 tot

107 416 147 471 nil
160 414 262 469 referre
275 412 371 485 pittas‘l
391 413 489 479 Quare,
503 432 536 468 ne
547 415 683 485 poeniteat
695 424 729 473 te,

107 491 206 545 desine
218 500 354 544 matronas
365 491 503 552 sectarler,
522 489 596 543 unde
608 489 707 543 laboris

108 564 858 638 plushaurireruallest‚quamexredecerperesructus.

108 643 164 696 Nee
175 641 267 713 magis
278 640 343 694 huie
355 642 426 694 inter
436 641 532 693 niveos
544 639 703 709 viridesque
715 639 823 710 lapillos
884 652 910 696 tt

107 718 143 771 sit
155 716 231 779 lieet,
242 714 401 778 oCerinthe,
415 724 461 769 tuo
471 713 855 770 tenerumeatlemurauterua

107 792 226 858 rectius3
242 798 325 861 atqua
339 791 420 845 etiarn
433 790 532 845 melius
546 806 676 861 persaepe
688 800 802 862 togatae.

87 916 90 921 .
108 866 260 929 Addebam
273 864 346 937 quod
353 882 471 919 mercem
482 865 543 920 eine
555 864 626 919 lueis
637 876 737 937 gestat:
751 876 851 937 aperte,

107 942 184 1013 quod
195 939 292 996 venale
304 940 396 1005 habet.
409 940 543 1005 ostendit3
557 957 616 1003 nee,
629 942 655 995 ai
664 940 733 1011 quid
746 941 851 997 honesti

605 1023 655 1079 oet.

109 1093 194 1147 iactat
205 1090 344 1163 habetque
354 1091 455 1163 palam.
468 1091 642 1160 quaeritque
652 1091 742 1162 turpia
754 1092 833 1146 celet.
883 1102 908 1147 tt

110 1166 234 1239 Regibus
242 1165 351 1222 hiemes
362 1174 416 1221 eat:
430 1164 854 1238 ubiequosmereantur‚opertos

106 1242 272 1313 inspiciunt,
286 1258 329 1304 ne,
342 1241 366 1295 si
379 1240 471 1304 iacies.
487 1249 516 1296 ut
526 1257 618 1311 saepe,
630 1240 727 1295 deeora

107 1317 187 1371 molli
199 1316 266 1371 lulta
278 1316 348 1387 pede
358 1325 408 1379 est,
421 1324 551 1372 emtorem
562 1314 675 1370 inducat
687 1315 816 1377 hiantem.

106 1390 183 1463 quod
195 1392 328 1463 pulchrae
339 1391 447 1454 clunes.
468 1391 553 1447 breve
566 1390 642 1462 quod
652 1400 747 1461 aput.
770 1392 853 1448 ardua

604 1482 709 1521 cervix.

108 1543 165 1598 lloc
176 1541 218 1596 illi
230 1550 316 1596 recte:
331 1558 364 1596 na
378 1542 499 1613 corporis
513 1541 616 1612 optima
628 1542 728 1616 Lyncei
883 1553 908 1598 tu

108 1617 295 1688 contemplere
306 1617 409 1680 oculis,
426 1617 548 1690 Hypsaea
562 1618 668 1672 caecior
678 1617 735 1681 illa¹

107 1710 180 1765 quae
191 1693 261 1747 malo
278 1704 357 1757 sunt,
372 1702 490 1764 spectes.
532 1691 572 1747 »0
582 1693 659 1748 crusl
679 1692 817 1748 obrachia
827 1695 852 1748 ln

603 1768 702 1821 Verum

108 1842 238 1916 depygis‚
254 1851 360 1905 nasuta,
378 1841 455 1898 brevi
467 1841 550 1897 latere
563 1859 595 1897 ae
605 1841 675 1914 pede
687 1843 827 1915 longeest.

108 1920 257 1980 Matronae,
270 1928 377 1988 praeter
388 1916 496 1977 faciem.
509 1917 548 1971 nil
559 1933 670 1973 eernere
681 1919 779 1988 possis¹

106 2005 208 2054 cetera,
222 1995 250 2047 ni
263 1993 337 2048 Catia
349 2003 399 2055 est,
411 1992 530 2047 demissa
546 2002 620 2048 veste
632 1994 759 2066 tegentis.
813 2050 818 2058 ,
883 2004 910 2046 ⁹5

105 2069 138 2124 Si
152 2068 297 2123 interdieta
307 2078 391 2140 petes.
407 2068 480 2124 vallo
490 2069 658 2123 circumdata
669 2067 742 2142 (nam
753 2079 779 2124 te

107 2145 163 2199 hoc
174 2143 239 2199 lneit
251 2144 402 2214 insanum);
418 2143 519 2198 multae
531 2143 582 2199 tibi
594 2154 651 2199 tum
662 2142 784 2199 officient
794 2161 851 2199 res:

104 2218 247 2282 custodes,
264 2219 369 2284 lectica,
382 2217 534 2281 ciniflones,
547 2221 691 2291 parasitae.

106 2295 142 2350 ad
157 2296 225 2350 talos
238 2295 307 2350 stola
318 2295 437 2350 demissa
449 2303 475 2350 et
488 2293 656 2350 circumdata
668 2294 751 2366 palla,

106 2371 240 2443 plurima¹
252 2385 323 2440 quae
334 2370 477 2425 invideant
488 2387 556 2441 pure
568 2387 699 2442 apparere
710 2369 761 2424 tibi
772 2385 840 2422 rem.
872 2379 911 2422 tou

105 2446 210 2507 Altera,
224 2445 261 2499 nil
274 2445 376 2500 obstat:
399 2445 461 2500 Ceio
474 2445 524 2499 tibi
535 2462 623 2516 paene
634 2444 729 2499 videre
739 2453 781 2499 est

106 2530 139 2576 ut
151 2521 263 2582 nudam.
277 2538 310 2574 ne
319 2537 399 2576 erure
413 2520 493 2583 malo.
507 2537 540 2574 ne
550 2521 586 2575 ait
597 2520 668 2592 pede
679 2520 765 2591 turpi;

105 2597 200 2651 metiri
213 2597 304 2667 poesis
314 2596 394 2650 octale
407 2596 487 2650 lalus.
527 2595 569 2650 An
582 2595 631 2649 tibi
644 2599 732 2648 mavis

106 2671 228 2726 insidias
241 2671 299 2724 fieri
309 2673 485 2742 pretiumque
496 2671 611 2725 avellier
622 2679 683 2724 ante

105 2761 193 2819 quam
203 2762 322 2801 mercem
333 2743 460 2800 ostendi?
470 2745 619 2816 »Leporem
632 2753 743 2798 venator
754 2753 783 2797 ut
794 2744 847 2796 alta
873 2752 911 2794 tut

106 2823 152 2878 »in
165 2824 230 2877 nive
241 2829 369 2884 sectetur,
388 2820 508 2892 positum
519 2825 561 2873 sie
572 2830 681 2890 tongere
694 2819 790 2879 nolin«
