2159 3150
229 308 276 361 136
510 311 691 357 cronos

226 430 335 472 omnem
347 411 453 485 redegit
463 412 558 466 ldibus
568 415 724 483 pecuniam,
736 443 774 457 -

170 501 198 545 tt
266 488 514 562 quaeritCelemlis
526 504 636 558 ponere.

448 730 506 788 ΕΡ
521 728 584 788 01)
599 730 657 789 OS
701 731 751 788 lll.

357 846 842 890 cec.crcs1urrimscssrrcrc

526 977 687 986 ——-.-—-.

225 1089 340 1125 nouantur
347 1085 427 1127 uttan,
440 1084 494 1127 qnod
501 1085 555 1118 rorte
564 1085 616 1127 cnud
626 1085 758 1120 neccarum
771 1086 886 1130 impruden
896 1091 976 1126 edent.

540 1147 597 1182 nere.
609 1148 653 1182 111.

264 1242 390 1304 Parentis
400 1247 465 1300 olim
477 1245 501 1298 si
512 1245 576 1315 quis
587 1246 672 1316 impie
684 1265 766 1302 manu

302 1322 389 1378 senile
400 1329 495 1394 guttur
506 1319 627 1392 fregerit,

266 1398 323 1454 edit
333 1398 431 1452 cicutis
440 1395 537 1451 ellium
552 1397 704 1451 nocentius.

303 1471 325 1529 0
336 1472 404 1527 dura
415 1487 566 1526 messorum
579 1471 640 1524 ilial

262 1547 335 1617 Ouid
346 1547 397 1602 hoc
407 1547 506 1603 veneni
517 1547 606 1601 saevit
616 1547 644 1601 in
657 1545 843 1618 praecordiis?

302 1625 371 1678 Num
383 1623 526 1694 viperinus
537 1622 581 1675 his
594 1638 675 1676 cruor

266 1702 388 1755 incoctus
399 1697 494 1752 herbis
505 1714 548 1751 me
561 1695 679 1752 lelellit?
688 1716 722 1753 en
735 1700 821 1754 meles

313 1772 427 1830 Canidia
437 1772 564 1827 tractavit
574 1771 678 1843 depes?

263 1850 297 1907 Ut
308 1848 476 1923 Argonautas
486 1856 594 1919 praeter
602 1864 698 1902 omnes
708 1849 857 1904 candidum

300 1924 394 1980 Medea
405 1925 499 1978 mirate
511 1932 553 1976 est
563 1922 671 1987 ducem,

262 2000 355 2074 ignote
365 2000 450 2055 tauris
460 1998 632 2070 illigeturum
643 1994 713 2071 iuge

298 2076 427 2147 perunxit
438 2074 489 2128 hoc
499 2075 635 2128 Iasonem:

263 2152 315 2206 hoc
325 2150 457 2205 delibutis
471 2149 527 2203 ulte
537 2148 618 2202 donis
630 2148 768 2219 pellicem,

299 2234 425 2297 serpente
438 2224 508 2297 lugit
519 2223 594 2278 alite.

182 2317 189 2329 ·
261 2303 317 2357 Nec
329 2309 419 2355 tantus
430 2316 562 2371 umquam
573 2297 695 2353 siderum
709 2296 811 2353 insedit
822 2312 907 2368 vapor

298 2376 456 2433 siticulosae
467 2374 597 2445 Apuliee3

262 2470 313 2508 nec
324 2468 425 2507 munus
435 2450 559 2505 humeris
569 2447 690 2503 efficacis
701 2446 826 2502 Herculis

299 2528 396 2582 inarsit
406 2526 571 2580 aestuosius.

260 2602 304 2665 lt,
315 2603 339 2655 si
350 2600 420 2671 quid
429 2615 561 2669 umquem
573 2597 626 2652 tale
638 2596 842 2666 concupiveris,

301 2676 390 2730 iocose
401 2676 553 2733 Maecenas,
565 2689 669 2743 precor,

261 2766 373 2805 menum
386 2747 479 2819 puella
489 2748 566 2801 savio
575 2755 694 2817 opponet
707 2756 763 2809 tuo.

299 2832 419 2877 extreme
429 2830 455 2875 et
467 2822 495 2874 in
505 2821 610 2891 sponda
621 2819 712 2876 cubet.
