2159 3150
213 315 264 368 Μ
422 318 749 364 uvlsuountturr

407 499 677 560 EPISTOLA
719 500 768 560 1v.

355 616 403 656 An
425 617 577 657 Anulum
599 617 812 658 TIBULLUM.

210 819 267 856 Scire
279 821 337 864 ovet,
355 821 402 862 qnid
411 823 469 862 ψη
481 820 550 855 ludet
558 819 617 855 nutet
626 821 691 854 studit
702 823 724 855 et
736 823 759 854 ut
768 830 789 856 re
802 821 922 864 Epicureum
931 823 964 857 vt·

527 886 559 920 ¹⁸2
566 884 647 920 mvttst.

210 956 293 1029 Albi,
306 973 458 1020 nostrorum
470 981 629 1020 sermonum
640 964 758 1020 candide
768 965 864 1029 iudex,

209 1039 279 1111 quid
290 1057 365 1094 nunc
376 1049 402 1094 te
411 1041 503 1094 dicam
515 1040 605 1094 iacere
614 1041 644 1094 in
656 1041 770 1113 regione
779 1039 907 1095 Pedana?

209 1115 340 1178 scribere,
351 1114 427 1186 quod
439 1115 516 1170 Cassi
526 1116 684 1170 Parmensis
694 1116 828 1187 opuscula
841 1115 954 1171 vincat?

210 1208 245 1246 an
256 1191 371 1246 tacitum
381 1191 468 1245 silvas
479 1192 552 1245 inter
561 1200 670 1262 reptare
680 1191 817 1255 salubres,

209 1275 350 1321 curantem
356 1265 621 1339 quidquiddign'um
632 1267 756 1337 sapiente
762 1265 889 1336 bonoque
901 1265 963 1321 est?

207 1341 268 1396 Non
278 1350 308 1396 tu
319 1357 419 1414 corpus
430 1358 490 1395 eras
501 1343 562 1396 sine
570 1350 695 1414 pectore:
711 1342 740 1395 dt
750 1341 802 1395 tibi
815 1340 941 1406 formam,

208 1415 237 1470 dt
248 1415 299 1470 tibi
310 1415 424 1471 divitias
434 1416 572 1471 dederunt
581 1425 722 1486 artemque
733 1415 853 1471 fruendi.

209 1489 284 1557 Quid
295 1501 393 1546 voveat
403 1491 481 1546 dulci
492 1491 631 1546 nutricula
643 1494 733 1545 maius
744 1492 865 1554 alumno,

210 1569 259 1638 qui
270 1584 366 1638 sapere
377 1577 403 1622 et
415 1566 464 1622 iari
478 1567 648 1639 possitquae
658 1567 768 1631 sentiat,
784 1575 810 1622 et
820 1567 868 1621 cni

153 1651 179 1695 tc
210 1643 307 1714 gratia,
322 1642 404 1707 tama,
415 1643 547 1698 valetudo
557 1645 699 1716 contingat
710 1642 831 1706 abunde,

210 1726 237 1772 et
248 1716 369 1771 mundus
381 1718 471 1773 victus
483 1734 536 1771 non
548 1717 694 1772 deficiente
705 1714 855 1771 crumena?

210 1794 283 1846 Inter
293 1809 371 1863 spem
382 1810 543 1864 curamque,
555 1794 668 1848 timores
679 1794 752 1847 inter
761 1802 788 1847 et
798 1794 864 1856 iras,

209 1884 319 1922 omnem
330 1867 412 1922 creda
425 1868 499 1923 diem
512 1868 564 1923 tibi
574 1868 712 1923 diluxisse
725 1884 901 1939 supremum:

209 1952 286 2015 grata
296 1944 484 2015 superveniet,
498 1960 571 2015 quae
582 1960 635 1998 nnn
645 1942 812 2015 sperabitur,
825 1942 902 1997 bora.

153 2027 179 2071 15
208 2018 250 2074 Me
261 2021 396 2092 pinguem
405 2028 432 2074 et
443 2018 564 2073 nitidum
575 2018 646 2073 bene
657 2027 750 2073 curata
762 2027 824 2073 cute
835 2018 921 2080 vises,

208 2110 295 2165 quum
307 2094 398 2149 ridere
412 2094 489 2149 voles
500 2094 614 2167 Epicuri
626 2094 660 2149 de
670 2110 756 2168 grege
767 2109 892 2165 porcum.

410 2268 434 2328 E
448 2269 469 2328 P
483 2270 494 2328 l
509 2268 529 2330 S
544 2270 567 2328 T
582 2269 607 2329 0
620 2267 682 2329 LA
722 2266 756 2329 V.

443 2388 484 2426 nn
502 2386 717 2437 rennuerunt.

209 2604 283 2638 mvn-r
298 2608 382 2641 tmieum
395 2608 421 2642 ul
431 2618 512 2643 coenum
526 2609 547 2641 in
561 2609 613 2642 dien
622 2613 668 2642 ente
678 2608 763 2650 Augusti
778 2606 865 2641 neuton
878 2613 966 2647 eumen·
1065 2628 1066 2636 κ

360 2671 384 2704 nd
391 2671 473 2706 utrumn
484 2676 504 2706 et
513 2673 586 2706 luctum
596 2673 649 2707 vitea
658 2681 715 2706 unm
724 2671 805 2706 usitat.

211 2736 246 2800 Si
257 2756 334 2818 potes
345 2749 487 2806 Archiacis
497 2768 614 2807 conviva
625 2752 786 2807 recumbere
798 2750 877 2805 lectis

209 2837 261 2875 nec
272 2822 379 2878 modica
391 2842 505 2880 coenare
518 2827 598 2882 times
608 2827 670 2881 olus
680 2843 761 2880 omne
772 2824 884 2897 petella.
