2159 3150
115 298 119 306 ·
224 273 271 326 ua
499 276 682 322 pronun

256 380 348 452 qualis
360 377 512 450 Lycambae
522 386 631 451 spretus
642 375 727 432 infido
737 394 831 450 gener.

296 464 343 508 aut
353 471 414 507 acer
425 453 511 508 hostis
521 452 636 524 Bupalo.

164 541 189 586 u
257 529 309 592 An,
319 531 344 584 si
354 530 419 600 quis
429 538 487 583 atro
497 527 579 582 dente
588 545 632 582 me
645 527 782 600 petiverit,
878 551 884 558 ’-

294 605 401 659 inuitus
411 613 443 658 ut
451 601 522 658 flebo
531 601 618 675 pueri

375 905 398 963 E
412 904 433 963 P
447 903 472 962 0
486 905 511 962 Ι)
524 903 549 962 0
565 904 586 964 S
627 904 692 963 vii.

325 1022 367 1062 aa
390 1021 546 1062 rorunnu
568 1021 738 1062 nouantur.

333 1258 512 1294 nausa-tarsun·
519 1258 599 1293 nauum
623 1259 679 1294 Matr.
688 1259 732 1294 111.

258 1346 334 1422 Quo,
346 1373 410 1427 quo,
422 1356 542 1419 scelesti,
556 1353 656 1410 ruitis?
668 1365 715 1416 aut
725 1373 774 1411 cur
783 1356 905 1414 dexteris

296 1439 423 1503 aptantur
432 1448 512 1486 enses
523 1429 645 1485 conditi?

257 1508 390 1561 Parumne
400 1507 506 1578 eampis
517 1514 599 1578 atque
608 1507 734 1579 Neptuno
744 1523 827 1579 super

295 1581 388 1636 iusum
398 1591 440 1637 eat
450 1582 539 1636 Latini
550 1580 713 1654 sanguinis?
826 1636 828 1641 ,

256 1674 320 1720 non,
332 1666 363 1712 ut
373 1656 506 1729 superbas
517 1655 629 1711 invidae
640 1655 814 1730 Carthaginis

294 1733 432 1786 Romanus
442 1748 518 1787 arces
530 1741 631 1795 ureret.

257 1809 375 1862 intactus
386 1816 433 1862 aut
441 1808 587 1862 Britannus
597 1815 627 1861 ut
637 1805 815 1862 descenderet

293 1899 369 1937 saera
380 1890 520 1936 catenatus
529 1882 589 1945 Via,

257 1957 307 2012 sed
317 1966 347 2011 ut
355 1956 509 2011 seeundum
520 1964 582 2011 vota
592 1955 751 2011 Parthorum
762 1973 812 2011 sua

292 2031 359 2087 urbs
372 2032 438 2086 haec
449 2031 550 2103 periret
560 2029 692 2085 dextera?

257 2109 352 2178 Neque
360 2106 407 2161 hic
416 2106 490 2178 lupis
501 2122 559 2161 mos
570 2122 620 2161 nee
631 2104 684 2161 iuit
694 2104 820 2161 leonibus

293 2198 433 2253 nunquam
446 2182 499 2235 nisi
510 2181 539 2235 in
551 2179 730 2252 disperseris.

257 2258 378 2311 Furorne
388 2273 496 2318 caecus,
509 2273 543 2310 an
554 2256 626 2326 rapit
637 2256 680 2310 vis
691 2252 797 2310 acriori

297 2349 330 2385 an
344 2330 445 2403 eulpa?
466 2332 636 2402 Responsum
648 2330 720 2385 date.

257 2408 370 2461 Tacent:
386 2405 502 2461 etaibus
511 2422 557 2460 ora
569 2404 657 2476 pallor
666 2405 755 2459 infinit

295 2488 454 2552 mentesque
465 2481 606 2551 perculsae
616 2488 737 2552 stupent.

257 2555 304 2611 Sin
314 2556 369 2609 esti
390 2555 487 2610 acerba
498 2554 552 2610 iata
563 2555 697 2609 Romanos
707 2562 792 2628 agunt
863 2582 865 2589 v

293 2628 439 2700 scelusque
450 2628 582 2684 fraternae
593 2630 680 2693 neeis,

259 2714 289 2758 ut
299 2705 469 2758 immerentis
482 2701 562 2758 fluxit
572 2704 600 2757 in
612 2712 712 2758 terram
726 2701 803 2757 Remi

165 2788 191 2829 au
294 2794 371 2831 sacer
381 2778 526 2848 nepotibus
536 2793 626 2832 cruor.

97 2967 126 3043 ἱ
