2159 3150
250 278 284 330 32
421 317 422 320 ,
532 272 718 320 ODARUM

187 396 201 439 t
289 379 376 436 nectis
388 373 516 432 catenas?
535 371 611 439 Quae
621 371 671 427 tibi
684 371 726 425 vir
747 372 824 425 inum

284 469 386 527 sponso
397 458 492 506 necato
502 448 618 502 barbara
628 387 747 500 servietg

323 544 392 600 puer
405 526 469 597 quie
480 541 516 578 ex
527 522 590 577 aula
603 519 713 591 capillis

358 600 392 655 ad
405 597 535 673 cyathum
547 604 681 650 statuetur
691 593 792 655 unctis,

285 695 381 749 doctus
392 690 506 762 sagittas
521 686 632 743 tendere
643 684 751 740 Sericas

190 783 215 825 tt
285 786 348 824 arcu
360 761 490 838 paterno‘l
509 761 578 829 Quis
591 768 672 832 neget
683 758 777 813 arduis

322 857 422 914 pronos
434 836 520 892 relabi
534 852 615 907 posse
626 836 700 888 rivos

357 913 497 969 montibus
511 919 537 964 et
548 909 669 964 Tiberim
680 907 790 968 reverti,
891 943 895 948 .

282 1022 369 1076 quum
382 1012 410 1058 tu
421 1011 540 1057 coemtos
554 1001 679 1070 undique
689 997 797 1052 nobiles

189 1149 191 1154 Ι
284 1081 369 1134 libros
383 1079 493 1132 Panaeti
505 1075 672 1130 Socraticam
682 1082 708 1126 et
721 1071 833 1126 domum

191 1167 215 1208 15
319 1162 425 1208 mutare
437 1152 529 1207 loricis
543 1150 639 1204 iberis.

356 1228 497 1298 pollicitus
509 1224 631 1285 meliora,
647 1219 756 1276 tendis?

488 1464 608 1524 ODE
650 1461 746 1519 XXX.

472 1575 768 1621 loveuuauu.

538 1706 706 1719 —a—

248 1820 344 1856 vastem
353 1818 435 1860 eiusque
443 1817 524 1852 eomltea
533 1817 559 1851 ul
568 1816 665 1859 Glycerae
673 1813 732 1848 aeder
745 1812 834 1847 devocet.
859 1810 916 1843 lietr.
930 1808 997 1843 xvu.

287 1890 316 1954 0
330 1899 432 1960 Venus,
444 1896 538 1970 regina
551 1895 635 1952 Guidi
648 1892 800 1965 Paphique,

263 1987 266 1995 ’
286 1989 385 2046 sperne
396 1971 525 2027 dilectam
539 1971 658 2044 Cypron.
671 1976 698 2023 et
708 1966 831 2023 vocantis

287 2048 367 2104 thure
377 2055 403 2102 te
415 2047 500 2101 multo
510 2046 642 2118 Glycerae
655 2043 783 2097 decoram
837 2092 844 2101 ,

359 2120 475 2176 transfer
486 2122 513 2174 in
524 2119 630 2173 aedem.

288 2214 423 2268 Fervidus
436 2220 525 2267 tecum
536 2227 605 2282 puer
619 2218 645 2264 et
658 2208 757 2263 solutis

287 2287 397 2344 Gratiae
410 2287 496 2350 zonis,
512 2292 714 2357 properentque
727 2279 870 2354 Nymphae

288 2370 314 2417 et
325 2378 421 2433 parum
432 2362 518 2415 comis
528 2360 590 2413 sine
602 2366 628 2413 te
639 2360 766 2412 luventas
804 2369 809 2376 ·

361 2436 579 2506 Mercuriusque.

542 2650 704 2661 -----
