2159 3150
416 307 561 354 LIBER.
637 302 639 308 ’
817 304 864 358 135

151 407 289 464 »iucunda
298 417 388 480 captat
399 409 532 480 praemia,

111 483 198 552 »Quis
208 500 262 538 non
277 483 422 548 malarum,
434 501 505 555 quas
514 501 590 540 emor
600 503 680 541 curas
692 487 784 551 habet.

152 560 235 614 »haec
245 561 317 614 inter
326 558 522 615 obliviscitur?

111 634 207 702 »Quod
219 635 244 690 si
254 634 356 707 pudica
370 634 472 690 mulier
482 635 511 690 in
523 645 628 707 partem
640 639 716 695 iuvet

134 730 138 736 ·
154 711 281 767 »domum
293 720 376 785 atque
385 710 483 766 dulces
494 710 606 776 liberos,

110 787 232 842 »Sabina
243 787 335 859 qualis
346 796 393 842 aut
403 794 516 859 perusta
526 787 634 842 solibus

151 863 288 935 »pernicis
302 879 372 917 uxor
385 860 504 934 Appuli;

110 955 238 994 »sacrum
249 940 366 993 vetustis
377 947 501 993 exstruat
511 937 596 1012 lignis
607 937 697 995 iocum

149 1014 231 1070 alassi
245 1013 300 1069 sub
313 1014 462 1069 adventum
477 1014 545 1082 viri3

109 1089 318 1162 »claudensque
328 1090 412 1145 textis
422 1088 545 1144 cratibus
555 1090 657 1146 laetum
668 1108 763 1163 pecus,

150 1165 285 1221 »distenta
296 1167 382 1220 siccet
391 1165 491 1232 ubera3

109 1251 152 1299 »et
161 1242 249 1297 borna
258 1241 335 1297 dulci
349 1242 414 1296 vina
424 1257 554 1312 promens
567 1240 642 1298 dolio

149 1317 251 1389 »depes
261 1318 379 1372 inemtas
390 1327 516 1389 apparet:

110 1411 181 1449 enon
192 1409 237 1448 me
246 1393 366 1448 Lucrina
375 1392 498 1448 iuverint
508 1393 653 1468 conchylia

149 1469 290 1542 »magisve
301 1467 434 1524 rhombus
445 1477 492 1523 aut
504 1469 586 1525 scari.

109 1547 149 1601 asi
160 1561 232 1618 quos
242 1544 308 1601 Eois
317 1544 438 1601 intonata
448 1541 580 1600 ductibus

148 1621 255 1676 nlriems
265 1619 300 1676 ad
311 1620 363 1677 boc
373 1629 460 1677 vertat
470 1638 558 1690 mare;

108 1716 179 1753 enon
190 1696 255 1753 Alra
266 1697 327 1754 avis
337 1696 487 1752 descendat
500 1697 528 1751 iu
540 1708 665 1752 ventrem
676 1714 778 1762 meum,

147 1789 219 1834 »non
228 1782 336 1847 attagen
348 1772 441 1828 ionius

107 1847 284 1913 »ineundion
295 1865 379 1920 quam
392 1848 461 1903 lecta
472 1847 507 1903 de
517 1848 713 1922 pinguissimis
757 1884 760 1889 ·

146 1924 236 1980 »oliva
250 1926 335 1980 ramis
348 1923 488 1987 arborum,

108 2012 170 2058 »aut
182 2000 268 2056 herba
280 2000 384 2072 lapathi
395 2009 473 2072 prata
484 2000 601 2054 amantis
615 2009 642 2053 et
652 2000 731 2072 gravi

145 2076 271 2131 »malvae
283 2075 410 2132 salubres
423 2075 541 2148 corpori,

102 2153 168 2208 ¹uvel
179 2169 252 2225 agna
263 2151 342 2207 iestis
351 2168 431 2207 caesa
442 2150 658 2214 Terminalibus,

145 2228 204 2284 »vel
218 2227 324 2284 hoedus
333 2237 445 2300 ereptus
456 2227 532 2299 lupo.

106 2305 177 2360 »lies
190 2305 263 2361 inter
273 2302 371 2376 epulas
381 2313 411 2359 ut
422 2304 499 2358 iuvat
508 2310 601 2375 pastas
610 2318 678 2357 oves

145 2379 258 2434 »videre
269 2388 447 2451 properantes
458 2378 583 2442 domurn,

105 2456 220 2511 »ridere
231 2454 318 2510 fessos
329 2472 467 2511 vomerem
478 2454 622 2509 inversum
634 2452 720 2509 bovas

145 2532 232 2586 »collo
242 2531 381 2587 trahentes
394 2530 537 2603 languido,

106 2608 283 2680 »positosque
294 2624 402 2672 vernas,
419 2606 487 2662 ditis
497 2622 613 2661 examen
624 2602 734 2669 domus,

143 2683 265 2737 »circum
277 2682 435 2738 renidentes
446 2683 565 2737 Laresls
574 2710 612 2725 -

104 2759 179 2814 llaec
193 2757 243 2814 ubi
256 2758 387 2830 loquutus
399 2754 690 2829 ineneratordlphiua‚

144 2836 201 2889 inm
213 2835 269 2889 iam
282 2832 392 2889 iuturus
402 2834 533 2897 rusticus.
783 2830 785 2833 ’
