2159 3150
383 275 526 322 hittun.

296 511 429 575 EPO'D
444 511 503 572 OS
546 511 625 570 l'lll.

225 631 262 673 tn
286 629 393 703 snper
413 627 690 669 nrnrnrnosnu

375 757 543 769 ——-

86 870 180 915 uosmet
194 868 285 911 nerlu,
300 868 351 910 quod
364 876 433 910 perum
444 867 469 900 eb
483 865 526 909 ipso
535 867 622 908 emetur,
636 866 749 910 respondet.
772 867 829 903 uste.

436 930 480 962 111.
582 940 583 944 ¹
759 941 762 945 ·

124 1023 235 1105 Rogare
246 1029 327 1102 longo
336 1027 459 1100 putidam
471 1036 497 1081 te
506 1026 610 1092 seculo,

160 1107 236 1161 vires
247 1104 316 1175 quid
329 1110 441 1157 enervet
452 1099 545 1156 meesl

123 1198 211 1254 quum
222 1181 259 1234 sit
269 1179 320 1234 tibi
331 1178 476 1239 densiter,
488 1186 514 1231 et
524 1175 602 1250 rugis
613 1187 693 1232 vetus

164 1255 280 1311 frontem
291 1263 419 1308 senectus
428 1261 531 1315 exeret,

125 1332 240 1402 hietque
251 1330 339 1401 turpis
351 1329 423 1382 inter
433 1326 524 1381 arides
534 1334 611 1380 nates

162 1404 266 1478 podex,
279 1403 355 1459 velut
366 1401 467 1457 crudae
479 1399 576 1456 bovis?

124 1480 181 1537 Sed
191 1480 289 1535 incitet
298 1495 342 1534 me
352 1486 447 1550 pectus
459 1485 485 1531 et
494 1492 629 1530 memmae
639 1483 743 1546 putres,

163 1551 477 1628 equinaquelesubere‚

124 1640 277 1703 venterque
287 1628 379 1685 mollis
390 1638 416 1682 et
427 1626 515 1681 lemur
525 1624 696 1680 tumentibus

163 1706 237 1761 exile
247 1704 321 1759 suris
331 1697 467 1758 additum.
862 1710 887 1752 to

123 1784 191 1838 Esto
201 1781 290 1844 beate,
303 1778 387 1834 lunus
398 1787 478 1849 etque
490 1776 626 1848 imagines

163 1856 268 1911 ducant
278 1853 459 1925 triumphales
470 1859 558 1914 tuum,

124 1950 178 1988 neo
191 1933 229 1986 sit
238 1930 344 1993 merite,
356 1945 428 2001 quae
439 1924 646 1981 rotundioribus

164 2013 264 2063 onusta
274 2004 367 2059 beccis
379 2001 511 2057 ambulet.
665 2048 670 2060 ,

124 2081 211 2151 Quid,
222 2080 298 2153 quod
308 2077 397 2135 libelli
409 2077 493 2133 Stoici
506 2076 577 2129 inter
587 2072 689 2128 serioos
863 2080 888 2123 tt

164 2158 255 2212 iecere
266 2153 398 2227 pulvillos
411 2149 521 2207 emant?

124 2232 252 2289 lllitereti
263 2246 329 2284 num
340 2229 433 2282 minus
443 2225 521 2281 nervi
531 2224 632 2297 rigent,

164 2306 294 2361 minusve
306 2303 418 2376 languet
429 2297 583 2356 lasciuum?

124 2381 207 2451 Quod
216 2390 247 2435 ut
255 2378 376 2451 superbo
389 2392 520 2449 provoces
531 2374 566 2430 eb
580 2372 705 2445 inguine,

165 2473 212 2513 oro
223 2452 440 2511 adlaborandum
454 2459 495 2505 est
506 2450 569 2505 tibi.
862 2451 889 2496 tu

376 2666 545 2681 m
