2159 3150
351 305 490 351 LIBER
529 308 546 350 1.

128 406 186 459 Nos
196 404 334 468 convivia,
348 421 397 460 nos
409 405 512 476 proelia
524 406 676 478 virginum,

127 481 213 535 sectis
224 479 252 532 in
265 480 381 533 iuvenes
392 480 535 552 unguibus
549 482 664 544 acrium,

128 563 274 610 cantamus
285 555 377 618 vacui,
394 555 455 608 sive
466 555 534 625 quid
546 556 663 620 urimur,

170 646 223 683 non
236 638 343 700 praeter
353 629 465 683 solitum
479 630 565 683 leves.

239 1037 282 1076 Al)
296 1036 474 1078 uuuhutuu
489 1037 653 1079 Pttucuu.

361 1183 529 1196 m

69 1292 120 1326 Prae
130 1291 175 1326 alil·
185 1290 276 1326 omuibus
284 1291 366 1325 urbibus
376 1291 437 1325 ‘riam
446 1300 490 1326 me
500 1292 619 1328 Iandudum
633 1295 702 1336 doeetr
716 1293 819 1329 Plancum·
869 1325 872 1330 .

104 1364 155 1398 qne,
168 1355 212 1389 elus
222 1354 318 1397 incolam,
327 1354 427 1395 hortetur,
437 1356 469 1397 ut,
484 1353 597 1396 ubieunque
607 1355 643 1398 alt,
653 1357 700 1390 vino
708 1367 765 1392 cum
775 1358 817 1401 pel·

102 1419 139 1461 lat,
149 1418 312 1460 quemadmodum
322 1417 399 1453 rouen
405 1418 452 1452 clim
461 1417 532 1452 facerit
541 1418 607 1460 patria
616 1419 691 1462 pulsus.
717 1421 774 1455 latr.
783 1422 838 1456 vm.

68 1509 242 1570 Laudabunt
252 1515 298 1569 alii
310 1515 410 1569 claram
422 1514 547 1580 Rhodon,
561 1523 607 1570 aut
617 1517 777 1591 Mitylenen,

106 1600 153 1647 aut
164 1591 304 1662 Epheson,
318 1590 468 1645 bimarisve
479 1590 603 1647 Corinthi

67 1669 186 1731 moenia,
201 1666 243 1720 vel
256 1664 361 1720 Baccho
372 1665 490 1728 Thebas,
503 1664 548 1719 vel
560 1666 687 1737 Apolline
701 1668 821 1739 Delphos

41 1788 45 1793 .
106 1742 243 1814 insignes,
257 1750 303 1795 aut
314 1740 444 1795 Thessala
457 1742 570 1811 Tempe.

67 1815 821 1887 Sunt,quibusunumopusest,intactael'alladisarces
860 1826 872 1869 t

106 1892 230 1947 carmine
242 1901 373 1963 perpetuo
383 1890 532 1953 celebrare,
546 1899 573 1944 et

67 1966 194 2037 undique
206 1965 362 2037 decerptam
375 1964 464 2020 lrondi
477 1982 645 2037 praeponere
654 1965 767 2019 olivam.

104 2041 256 2105 Plurimus,
269 2041 296 2096 in
307 2042 420 2096 lunonis
431 2040 571 2104 honorem,

67 2125 161 2189 aptum
173 2116 243 2171 dicit
252 2116 332 2187 equis
343 2114 430 2187 Argos
441 2115 570 2186 ditesque
579 2116 718 2188 Mycenas.

104 2192 147 2247 Me
159 2200 275 2245 nectam
287 2192 395 2262 patiens
410 2190 607 2251 Lacedaemon,
847 2196 871 2240 tt

65 2284 117 2322 nec
129 2274 183 2321 tam
196 2266 320 2320 Larissae
330 2265 468 2337 percussit
478 2280 593 2335 campus
603 2264 721 2336 opimae,

102 2358 188 2413 quam
203 2340 302 2395 domus
312 2340 454 2395 Albuneae
465 2340 620 2395 resonantis

66 2425 91 2471 et
101 2432 236 2489 praeceps
247 2415 318 2470 Anio
328 2432 359 2470 ac
370 2415 484 2469 Tiburni
498 2415 578 2469 lucus
587 2423 614 2468 et
625 2414 679 2467 uda

103 2491 258 2546 mobilibus
268 2491 390 2561 pomaria
402 2490 482 2543 rivis.

65 2566 155 2621 Albus
166 2574 197 2621 ut
207 2565 326 2620 obscuro
337 2565 460 2637 deterget
472 2563 567 2617 nubila
578 2562 654 2616 coelo
845 2565 871 2611 ts
943 2625 948 2634 ι

102 2658 187 2713 saepe
198 2642 294 2705 Notus,
307 2656 397 2711 neque
406 2639 523 2710 parturit
533 2636 637 2691 imbres

65 2724 229 2788 perpetuos:
241 2717 282 2769 sic
292 2723 320 2769 tu
333 2716 444 2785 sapiens
457 2712 535 2766 hnirc
547 2716 683 2764 memento

103 2790 245 2849 tristitiam
256 2791 386 2859 vitaeque
399 2786 506 2841 labores
532 2806 534 2810 ·
