2159 3150
253 323 286 374 ⁹0
516 324 703 372 ODARUM

198 442 223 485 tt
291 444 370 500 reges
382 425 560 481 muneribus:
582 441 696 480 munera
707 426 821 480 navium

363 516 460 556 saevos
471 499 625 572 illaqueant
635 499 732 555 duces.

291 599 466 655 Crescentem
477 596 605 668 sequitur
615 612 681 650 eura
692 597 840 668 pecuniam

290 670 589 743 malorumquelames.
629 673 691 726 lura
700 671 847 744 perhorrui

291 750 344 804 late
353 747 538 817 conspicuum
549 746 644 802 tollere
655 747 797 810 verticem,

365 823 524 886 Maecenas,
539 823 666 893 equitum
678 820 774 876 decus.

287 932 396 1000 Quanto
406 931 527 1002 quiaque
537 928 594 984 sibi
605 929 685 1002 plura
695 931 849 1003 negaverit,

289 1008 324 1063 ab
334 1007 380 1062 dls
390 1006 470 1078 plura
482 1003 560 1059 leret.
600 1004 644 1059 Nil
657 1005 830 1076 cupientium

289 1083 382 1139 nudus
391 1089 480 1137 castra
492 1088 566 1152 peto,
578 1086 606 1135 et
614 1079 757 1153 transfuga
768 1079 890 1136 divitum

360 1163 452 1228 partes
465 1155 592 1227 linquere
602 1155 705 1228 gesti03

287 1273 461 1337 contemptae
474 1263 606 1318 dominus
616 1263 791 1335 splendidior
803 1266 854 1330 rei,

286 1358 370 1414 quam
380 1341 414 1404 si¹
427 1338 569 1410 quidquid
579 1348 637 1394 arat
648 1339 768 1413 impiger
777 1339 917 1412 Appulus.

287 1415 424 1472 occultare
437 1415 506 1468 meis
520 1412 628 1469 dicerer
638 1411 753 1478 horreis,

360 1506 474 1564 magnas
485 1490 557 1544 inter
567 1506 634 1560 opes
644 1490 737 1562 inops.

285 1602 373 1657 Purae
382 1601 461 1655 rium
472 1616 560 1670 aquae
571 1598 699 1670 silvaque
710 1600 839 1673 iugerum

286 1692 438 1749 paucorum
448 1683 475 1730 et
484 1678 588 1747 segetis
599 1682 671 1729 certa
684 1673 752 1729 lides
764 1692 840 1730 meae

287 1752 441 1825 fulgentem
453 1750 571 1820 imperio
584 1748 684 1804 fertilis
695 1748 805 1805 Africae

358 1825 430 1881 fallit
439 1834 511 1880 sorte
523 1823 639 1879 beatior.

282 1933 457 2005 Quamquam
468 1950 520 1989 nec
529 1932 662 1989 Calabrae
673 1932 756 1988 mella
766 1932 859 1988 lerunt
868 1950 949 2005 apes,

283 2026 334 2065 nec
344 2009 539 2082 Laestrygonia
551 2007 675 2065 Bacchus
686 2008 715 2063 in
728 2007 861 2079 amphora

284 2085 440 2159 languescit
449 2083 530 2149 mihi,
543 2100 594 2138 nec
603 2083 719 2156 pinguia
729 2082 846 2139 Gallicis

355 2168 483 2215 crescunt
494 2158 597 2214 vellera
608 2158 735 2231 pascuis:

284 2270 447 2341 importuna
453 2278 544 2322 tamen
555 2268 703 2339 pauperies
714 2266 801 2331 abest,

282 2360 343 2407 nee,
355 2345 380 2398 si
390 2344 471 2415 plura
482 2343 577 2407 velim.
594 2352 622 2397 tu
633 2342 699 2398 dare
708 2342 840 2415 deneges.

284 2418 427 2476 Contracto
437 2418 540 2473 melius
549 2434 635 2489 parva
646 2417 779 2490 cupidine

355 2493 503 2566 vectigalia
514 2494 664 2566 porrigam,

199 2591 201 2594 ’
282 2602 402 2672 quamsi
411 2601 570 2675 Mygdoniis
580 2601 825 2676 regnumAlyattei

283 2676 390 2746 eampis
400 2677 569 2731 continuem.
609 2676 694 2733 Multa
705 2676 864 2748 petentibus

282 2749 384 2804 desunt
393 2750 490 2805 multa.
530 2750 602 2805 Bene
611 2753 720 2815 est,'cui
730 2752 800 2806 deus
810 2752 914 2807 obtulit

357 2840 447 2894 parea,
459 2824 532 2895 quod
545 2826 611 2880 satis
622 2836 677 2889 est,
690 2842 785 2882 manu.
