2159 3150
373 291 510 338 Linum
538 292 581 336 111.

136 393 226 462 Atqui
237 390 352 454 sciebat,
364 390 504 462 quaesibi
517 389 652 450 burburus

136 465 634 597 w‘i‘pii‘iiiiiiffm'ii'ii

201 557 389 686 rgopvgpulum
399 557 679 681 reditfirrffnoilentem

136 724 226 777 quem
240 707 264 760 si
275 706 409 761 clientum
420 706 501 780 longe
512 709 625 780 negotis

138 781 296 836 ‘iiiudicste
307 780 356 836 lite
366 782 545 853 relinqueret,

106 905 121 922 ,
179 856 298 911 tendens
308 855 478 911 Venafranos
488 857 517 910 in
529 873 610 930 egros
885 871 911 914 ts

215 940 264 986 eut
273 931 521 986 Lacedaemonium
532 932 692 988 Tarentum.

375 1160 584 1221 ODEVL

293 1277 658 1319 snrousuos

177 1515 282 1549 Invehitur
291 1516 351 1558 poete
358 1514 379 1548 in
388 1514 419 1548 eni
427 1514 523 1558 temporie
531 1515 637 1550 luxuriem.
661 1516 719 1550 Ιώ.
729 1516 781 1551 XVI.

136 1606 255 1670 Delicta
266 1613 401 1668 maiorum
411 1613 569 1667 immeritus
580 1613 649 1677 lues,

136 1689 272 1751 Romane,
285 1687 373 1742 doneo
382 1687 486 1759 temple
497 1687 626 1743 refeceris
671 1734 674 1741 ,

180 1762 320 1834 sedesque
333 1761 457 1818 labentes
467 1760 582 1818 deorum
593 1774 621 1819 et
716 1804 719 1810 -

214 1836 295 1893 foede
306 1838 386 1911 nigro
399 1836 549 1892 simulacra
560 1837 646 1893 inmo.

137 1932 189 1985 Dis
198 1938 226 1986 te
235 1931 371 1985 minorem
383 1928 460 2001 quod
469 1931 555 2003 geris,
570 1930 704 2001 imperes:

137 2004 208 2061 hino
217 2016 302 2061 omne
312 2005 495 2077 principium,
507 2004 563 2059 bue
573 2004 645 2060 reter
656 2006 772 2061 exitum.

179 2081 211 2135 nt
222 2080 309 2135 multe
321 2080 442 2155 negieoti
453 2078 591 2153 dederunt

214 2156 365 2227 Hesperiae
374 2155 446 2209 niele
458 2155 610 2209 luctuosae.

136 2248 198 2301 lem
209 2246 254 2301 bis
266 2248 408 2302 Monaeses
419 2255 446 2302 et
455 2248 550 2301 Peoori
562 2263 660 2302 munus

137 2338 195 2375 non
207 2322 365 2393 suspicatos
376 2321 501 2377 contudit
512 2323 634 2393 impetus

180 2405 298 2461 nostros,
310 2406 337 2451 et
347 2396 484 2452 edieoisee
493 2396 625 2469 praedem

216 2472 365 2541 torquibus
377 2472 490 2545 exiguis
500 2470 619 2526 renidet.

138 2559 233 2613 Peene
242 2569 404 2632 occupatam
414 2558 601 2615 seditionibus

138 2633 249 2689 delevit
258 2634 360 2690 Urbem
370 2635 460 2690 Decus
470 2642 497 2689 et
507 2632 651 2705 Aethiops,

181 2708 229 2765 hio
239 2709 329 2765 classe
340 2709 514 2772 formidatus,
525 2707 575 2763 ille

217 2784 377 2839 missilibus
391 2783 490 2838 melior
499 2782 620 2853 sagittis.
