2159 3150
250 307 285 361 92
534 312 720 358 ODARUM

291 412 362 469 leuis
371 410 494 476 incedas,
507 411 646 482 abeasque
656 413 751 484 parvis

361 503 467 558 aequus
477 485 612 553 alumnis3

194 590 207 632 s
288 579 313 632 si
325 577 578 648 tenerplenooadit
590 577 695 632 hoedus
706 595 786 643 auno,

288 653 363 726 larga
375 669 426 707 neo
436 652 538 708 desunt
549 653 664 728 Veneris
675 651 763 708 sodali

288 729 353 783 vina
364 735 493 791 craterae,
506 736 587 783 vetus
598 745 643 782 are
656 727 742 782 multo

362 801 449 857 fumat
459 801 554 858 odore.

288 893 372 948 Ludit
382 893 500 950 herboso
510 911 596 966 pecus
607 910 688 949 omne
699 909 805 966 campo,

195 979 220 1022 to
286 985 372 1040 quum
384 969 540 1024 tibiNonae
552 967 668 1024 redeunt
678 967 857 1037 Decembres;

290 1043 377 1099 festus
387 1045 415 1098 in
427 1044 513 1115 pratis
524 1051 604 1099 vacat
612 1044 699 1099 otioso

360 1136 424 1173 cum
435 1119 506 1174 bove
515 1135 619 1192 pagus3

289 1211 361 1264 inter
372 1209 490 1265 audaces
501 1210 586 1281 lupus
597 1218 669 1264 errat
680 1226 778 1283 agnos;

290 1286 398 1358 spargit
406 1293 528 1358 agrestes
538 1284 590 1339 tibi
602 1285 674 1339 silva
686 1284 810 1350 frondes,

196 1368 221 1412 ts
289 1359 393 1432 gaudet
404 1359 523 1414 invisam
535 1357 678 1431 pepulisse
691 1358 778 1415 fossor

367 1443 409 1489 ter
419 1434 491 1506 pede
501 1442 612 1489 terram.

506 1658 627 1718 ODE
670 1658 752 1718 xlx.

426 1775 832 1817 aureuernuu

250 1992 344 2027 Bursam
358 2000 433 2034 sagara
447 1992 501 2028 teoto
513 1992 588 2027 exemi
597 1991 706 2036 Telephum
719 1990 744 2026 et
756 1990 869 2027 coavivium
878 1991 931 2027 itote
944 2001 1005 2036 rges·
1073 2006 1074 2018 t

540 2056 594 2091 bras.
615 2055 673 2090 latr.
687 2056 711 2090 V.

290 2125 531 2201 Quantumdistet
542 2136 576 2190 ab
587 2135 688 2191 Inacho

328 2211 444 2275 Codrus,
456 2227 506 2282 pro
517 2212 604 2283 patria
620 2228 672 2265 non
685 2211 801 2265 timidus
812 2213 891 2273 niori,

290 2304 394 2350 narras,
411 2295 438 2341 et
448 2302 538 2359 genua
549 2286 632 2340 Aeaei

327 2370 354 2417 et
364 2370 484 2434 pugnata
499 2378 575 2417 saera
589 2360 662 2415 bella
675 2360 729 2415 sub
740 2360 804 2415 llio:

195 2449 208 2491 s
291 2454 347 2509 quo
358 2436 459 2492 Chium
471 2437 559 2507 pretio
571 2434 670 2489 eadum

327 2529 491 2575 mercemur,
508 2512 574 2581 quis
588 2527 688 2581 aquarn
700 2518 833 2580 temperet
843 2509 971 2582 ignibus,
1069 2562 1070 2569 ,

290 2604 347 2658 quo
356 2586 506 2657 praebente
515 2585 630 2640 domum
641 2595 667 2640 et
678 2596 761 2655 quota
1069 2576 1070 2628 i

326 2662 450 2732 Pelignis
460 2677 566 2714 ceream
578 2659 739 2731 frigoribus,
753 2670 836 2715 taces.

289 2736 327 2789 Da
337 2736 431 2790 Lunae
443 2751 558 2805 propere
573 2751 669 2798 novae,
1066 2706 1069 2782 i

198 2820 223 2863 tt
318 2810 352 2863 da
363 2812 457 2864 Noctis
468 2810 584 2868 mediae,
601 2809 644 2869 da,
657 2826 735 2880 puer,
748 2808 861 2879 auguris
