2159 3150
353 288 497 362 ¹LIBER
537 290 582 334 lll.

126 388 331 445 incontinentis
341 405 393 442 nee
404 389 477 461 Tityi
489 390 567 444 iecur

125 464 266 535 relinquit
276 464 345 527 ales,
357 463 500 534 nequitiae
509 464 623 520 additus

167 548 276 604 cuet0s;
289 547 438 594 amatorem
450 547 588 594 trecentae

204 614 360 669 Pirithoum
371 613 502 668 eohibent
513 625 637 670 catenae.

190 977 225 1016 nt
243 975 384 1016 nauuntu
401 976 566 1018 CAESARIS
584 977 737 1020 tunnam.

77 1215 171 1258 Αιςιιιὶ
184 1215 210 1250 tte
225 1214 306 1250 Parthis
319 1214 425 1250 rutarum
443 1214 548 1250 ostensam
567 1214 676 1250 detestatur
694 1216 844 1252 crurtnnernrn

118 1280 175 1324 epntl
183 1279 230 1314 tuo·
240 1279 383 1322 erpttvltrtern,
388 1278 500 1321 Benllqne
510 1280 581 1313 uentre
588 1279 662 1313 nutum
672 1282 844 1324 eonrtanttrnnqne

120 1344 209 1380 extollit.
233 1342 354 1378 latr-XVI.

124 1433 216 1498 Caelo
231 1450 371 1496 tonantem
380 1438 554 1494 credidimus
565 1441 656 1495 lovem

122 1533 256 1592 regnare:
268 1532 400 1587 praesens
410 1514 495 1568 divus
505 1514 654 1570 habebitur

164 1593 308 1665 Augustus
319 1590 436 1646 adiectis
446 1591 585 1645 britannis

200 1668 320 1738 imperio
330 1666 522 1739 gravibusque
533 1666 635 1721 Persis.

122 1760 242 1818 Hilesne
254 1758 345 1815 Crassi
356 1760 475 1830 coniuge
486 1756 603 1813 barbara

123 1836 217 1907 turpis
228 1836 345 1889 maritus
356 1831 446 1888 vixit?
461 1841 488 1887 et
498 1831 620 1887 bostium
631 1864 669 1875 -

163 1928 213 1984 pro
227 1909 310 1966 Curia
320 1909 483 1979 inversique
493 1908 598 1963 moresl
614 1939 653 1949 —

200 1986 513 2041 consenuitsoeerorum
525 1984 554 2038 in
566 1984 641 2039 arvis

121 2078 179 2134 sub
189 2094 256 2151 rege
266 2075 346 2133 Medo
357 2078 464 2132 llarsus
475 2084 502 2129 et
512 2074 649 2146 Appulus,

122 2153 299 2211 Aneiliorum
310 2160 337 2205 et
347 2152 469 2205 nominis
480 2158 507 2204 et
518 2158 597 2222 togae

162 2228 269 2284 oblitus
280 2236 462 2297 aeternaeque
473 2226 581 2288 Vestae,

201 2302 336 2358 incolumi
347 2303 411 2356 love
422 2310 449 2355 et
458 2300 528 2355 urbe
537 2298 640 2354 lloma‘l
665 2334 667 2337 -

122 2398 183 2452 lloe
193 2403 304 2450 caverat
314 2411 393 2448 mens
402 2392 520 2464 provida
531 2392 632 2465 Reguli

123 2469 320 2529 dissentientis
330 2467 539 2523 conditionibus

164 2545 255 2602 laedis
268 2553 295 2599 et
306 2542 434 2615 exemplo
444 2542 564 2597 trahenti

200 2636 355 2692 permutem
366 2635 482 2673 vemens
493 2634 521 2672 in
534 2635 644 2679 aevum,

121 2714 149 2768 si
162 2730 216 2768 nou
230 2712 333 2783 periret
344 2708 555 2764 immiserabilis

121 2789 237 2861 captiva
249 2785 351 2859 pubes.
390 2784 496 2857 »Signa
507 2800 559 2855 ego
569 2781 682 2836 Punicis
