2159 3150
333 296 409 337 utu.
432 296 448 337 1.
478 296 568 341 8ΑΤ,
589 298 635 340 Vi.
811 294 858 345 186

103 412 160 465 quo
172 397 253 465 pueri
266 397 373 467 maguis
384 414 398 449 e
409 397 620 451 centurionibus
629 399 692 459 orti,
751 433 755 442 ·

105 471 183 523 laevo
194 472 324 541 suspensi
338 470 442 525 loculos
454 472 634 543 tabulamque
645 473 755 535 lacerto,

102 546 182 599 ibant
192 548 299 601 octonis
309 546 459 601 referentes
472 548 568 601 lilibus
580 565 651 610 tera,
886 562 914 607 tt

101 621 152 675 sed
163 638 282 693 puerum
295 632 336 677 est
346 640 431 677 ausus
447 624 559 677 Romam
571 634 678 694 portare
689 623 845 680 docentium

101 706 184 759 artes,
198 714 268 768 ques
279 698 375 752 doceat
385 700 481 769 quivis
493 716 579 769 eques
590 709 671 770 atque
682 711 791 755 senator

100 783 190 828 semet
204 785 363 847 prognatos.
395 775 505 829 Vestem
519 792 671 845 servosque
684 788 832 846 sequentes

100 850 129 903 in
141 866 244 922 magno
255 859 286 904 ut
298 850 403 921 populo
415 852 439 904 si
451 854 516 921 quis
527 850 655 913 vidisset,
668 853 748 905 evita-

100 942 175 979 exre
190 924 318 997 praeberi
329 935 439 981 sumtus
453 926 523 981 mihi
535 926 659 981 crederet
669 927 742 981 iilos.
762 936 764 939 ’
881 940 911 983 et

98 1002 163 1073 lpse
173 1000 244 1055 mihi
255 1010 347 1055 custos
357 1003 616 1073 incorruptissimus
626 1018 722 1057 omnes

99 1077 207 1131 circum
220 1076 345 1132 dectores
357 1078 460 1133 aderet.
490 1076 563 1143 Ouid
576 1076 681 1131 muita?
692 1077 826 1148 pudicum

99 1154 160 1225 (qui
173 1153 281 1223 primus
293 1155 406 1207 virtutis
417 1153 515 1225 honos)
526 1154 650 1207 servavit
662 1153 698 1207 eb
708 1155 784 1208 omni

98 1246 154 1283 non
165 1229 257 1283 solum
271 1229 350 1292 facto,
365 1247 462 1283 verum
473 1229 623 1300 opprobrio
633 1246 744 1300 quoque
756 1229 842 1303 turpi,

97 1322 150 1359 nec
162 1306 266 1368 timuit,
278 1304 334 1359 sibi
346 1323 381 1359 ne
396 1306 464 1361 vitio
474 1306 538 1375 quis
550 1314 677 1366 verteret,
688 1306 756 1359 oiim
792 1327 795 1335 ·
883 1316 910 1361 85

97 1381 121 1434 si
133 1397 237 1453 praeco
248 1398 347 1452 parvas
359 1390 416 1440 sut.
429 1390 460 1435 ut
470 1379 524 1435 tuit
535 1384 605 1451 ipse,
618 1389 725 1435 coactor
850 1386 853 1393 '

97 1456 243 1511 mercedes
266 1473 411 1528 sequerer;
434 1472 524 1527 neque
545 1462 597 1529 ego
616 1474 704 1509 essem
724 1467 851 1527 questus.

598 1532 784 1588 Athocnunc

97 1609 158 1663 iaus
170 1609 214 1662 iili
224 1607 343 1682 debetur
353 1617 379 1664 et
393 1627 407 1662 e
422 1625 466 1662 me
476 1608 565 1681 gretie
575 1608 672 1663 maior.
721 1601 726 1611 ’

95 1685 141 1739 Nil
155 1701 200 1738 me
210 1686 349 1756 poeniteat
362 1701 460 1740 senum
475 1685 563 1755 petris
577 1684 676 1747 huius;
690 1701 778 1756 eoque

94 1778 160 1822 nou,
175 1769 205 1814 ut
216 1777 315 1832 magua
327 1760 390 1815 dolo
401 1759 502 1814 iactum
514 1770 596 1832 neget
605 1777 665 1813 esse
676 1778 727 1814 suo
738 1779 812 1831 pers,
880 1771 908 1815 tt

92 1836 170 1908 quod
183 1853 236 1891 non
249 1838 384 1909 ingenuos
394 1836 493 1890 hebeat
504 1835 649 1905 clerosque
661 1847 798 1906 parentes

94 1915 137 1967 sic
147 1929 194 1966 me
205 1911 364 1966 defendam.
396 1913 488 1984 Longe
500 1929 560 1966 mee
572 1911 712 1982 discrepet
723 1914 784 1966 istis

94 1998 121 2043 et
136 2006 193 2043 vox
203 1998 231 2042 et
243 1989 322 2044 ratio.
351 1989 420 2042 Nem
431 1989 455 2040 si
468 1995 564 2042 nature
581 1987 691 2042 iuberet

95 2083 108 2118 a
121 2066 206 2133 certis
218 2066 299 2118 annis
309 2080 407 2118 aevum
420 2080 542 2131 remeare
553 2073 705 2134 peractum,

95 2149 179 2211 etque
190 2141 260 2194 elios
273 2140 363 2212 legere
374 2140 408 2193 au
416 2139 863 2210 festumquoscumqueparentes:
879 2150 906 2193 95

92 2225 202 2287 optaret
213 2215 269 2270 sibi
280 2217 410 2287 quisque,
426 2216 495 2268 meis
507 2225 652 2269 contentus
662 2215 792 2270 honestos

94 2291 221 2346 fascibus
236 2301 262 2346 et
276 2292 353 2346 sellis
364 2291 466 2345 nollem
479 2289 549 2344 mihi
561 2307 684 2353 sumere,
697 2291 812 2346 demens

94 2368 202 2422 iudicio
213 2367 304 2440 vulgi,
317 2384 402 2422 sanus
414 2366 527 2420 fortusse
537 2376 594 2430 tuo,
606 2366 681 2437 quod

94 2444 197 2498 nollem
209 2461 280 2498 uuus
297 2443 369 2498 haud
382 2459 514 2513 umquam
528 2442 627 2497 solitus
643 2451 750 2513 portare
761 2441 850 2497 mole-

596 2527 680 2571 stum.

93 2595 163 2649 Nam
179 2595 250 2648 mihi
261 2597 392 2649 contiuuo
403 2594 489 2648 maior
502 2593 659 2663 quaerenda
672 2593 740 2646 foret
752 2611 795 2646 res
866 2601 905 2644 1⁰⁰

94 2682 177 2742 etque
189 2671 330 2725 salutandi
347 2670 450 2741 piures,
463 2668 609 2722 ducendus
622 2678 648 2721 et
658 2686 731 2721 unus

94 2757 121 2802 et
132 2763 227 2802 comes
239 2747 316 2810 alter,
332 2747 373 2799 uti
384 2763 418 2800 ue
428 2745 506 2799 solus
516 2760 598 2797 rusve
609 2759 760 2814 peregreve

94 2825 217 2884 exirem;
231 2821 326 2892 plures
336 2821 446 2876 calones
457 2829 538 2891 etque
549 2819 650 2872 caballi
