2159 3150
264 280 343 324 ura.
362 281 397 324 11.
426 281 567 346 urrar.
587 283 622 326 11.
789 284 840 337 2⁸9

86 383 157 448 »Sic¹
170 387 237 454 quia
247 388 399 454 perpetuus
410 381 481 436 uuili
492 381 574 437 datur
583 399 662 448 usus.
674 394 702 440 et
711 387 793 444 heres
856 402 896 447 000

86 458 233 514 »heredem
245 456 360 512 alterius
371 457 448 512 velut
458 458 533 512 unda
544 462 708 530 supervenit
719 463 832 530 undam,

86 532 171 606 »quid
180 533 238 588 vici
249 539 366 604 prosunt
377 539 424 588 aut
435 531 551 588 horrea?
560 533 667 604 quidve
677 535 803 594 Calabris

86 608 221 666 »saltibus
232 607 335 662 adiecti
345 607 461 670 Lucani,
473 608 498 663 si
509 609 589 663 metit
599 608 687 666 Orcus

86 683 217 758 »grandia
229 700 291 739 cum
303 683 408 755 pervia,
420 699 475 738 nou
487 683 640 740 exorabilis
649 685 736 742 auro?

87 760 242 823 »Gammae
250 775 379 824 marmor,
390 757 470 823 ebur,
478 759 622 832 Tyrrhena
631 761 737 834 sigilla,
749 763 839 820 tabol-

590 834 638 899 las.
770 898 773 902 ,
854 850 895 894 tac

86 917 256 983 surgentum,
270 916 360 964 vestes
371 907 488 965 Gaetulo
500 910 606 964 murice
619 911 719 968 tinctas

84 992 165 1039 »aunt
175 984 225 1055 qui
236 1000 291 1038 nou
302 982 437 1048 habeant,
449 985 551 1056 estqui
566 1001 621 1041 nou
636 996 714 1042 curat
724 987 837 1045 habers.

84 1059 155 1116 »Cur
165 1059 235 1122 alter
245 1059 359 1115 irctrum
373 1075 481 1115 cessare
492 1068 519 1115 et
530 1059 626 1116 ludera
638 1070 665 1117 et
674 1063 743 1135 uugi

83 1133 237 1207 »praeferat
250 1134 366 1190 Hemdis
375 1135 505 1206 palmetis
515 1137 681 1208 pinguibus,
695 1137 764 1194 aiter

83 1211 181 1265 »dives
191 1219 218 1265 et
229 1212 405 1282 importunus
416 1210 451 1265 ad
462 1209 591 1266 umbram
602 1212 674 1268 iucis
685 1212 720 1267 ab
733 1222 795 1268 ortu
853 1224 894 1269 000

83 1285 257 1341 »silvestrem
268 1283 387 1339 flammis
401 1293 428 1342 et
441 1285 513 1341 ferro
524 1287 634 1360 mitiget
643 1304 751 1361 agrum,

83 1361 153 1416 »scit
166 1360 284 1425 Genius,
296 1359 386 1416 natale
400 1377 493 1416 comas
502 1362 553 1432 qui
568 1370 702 1435 tsmperat
712 1371 827 1429 astrum,

83 1445 214 1491 »naturas
225 1435 295 1491 deus
305 1436 453 1500 humanas,
466 1437 591 1492 mortalis
601 1437 630 1491 in
642 1455 745 1492 uuum·

82 1511 231 1585 »quodque
241 1518 334 1584 caput,
346 1511 427 1566 vultu
437 1511 592 1575 mutabilis,
605 1512 687 1568 cibus
697 1521 724 1568 st
734 1521 802 1570 ator.

83 1589 173 1651 »Utar
185 1596 213 1645 ot
223 1605 259 1643 sx
272 1587 396 1652 modico,
411 1597 547 1660 quantum
558 1604 603 1643 res
613 1597 718 1660 poscet,
731 1607 830 1646 acervo
854 1601 893 1645 tro

82 1664 205 1727 stolium,
220 1680 272 1718 uec
282 1670 413 1727 metuam,
424 1662 495 1734 quid
505 1663 540 1718 ds
550 1679 594 1717 ms
605 1663 711 1719 iudicet
721 1664 811 1730 heras,

83 1738 174 1810 »quod
184 1755 239 1793 uon
250 1738 331 1810 plura
342 1737 414 1792 datis
427 1738 581 1806 invencrit3
599 1747 727 1796 ettamen
738 1739 813 1794 idem

83 1815 172 1869 uscire
182 1813 285 1878 volam,
300 1821 434 1886 quantum
446 1813 569 1885 simplex
579 1813 733 1885 hilarisque
745 1814 838 1887 nepoti

82 1888 240 1960 »discrepet
250 1896 277 1943 et
290 1896 425 1960 quantum
438 1888 580 1944 discordet
589 1906 690 1961 parcus
701 1906 794 1944 avaro.

82 1966 187 2019 »Distat
202 1963 292 2027 enim,
317 1980 432 2037 spargas
454 1971 500 2018 tua
519 1963 670 2036 prodigus,
692 1981 726 2017 an
747 1979 839 2035 neque

586 2046 709 2092 sumtum
853 2048 894 2093 195

83 2114 206 2169 »invitus
217 2112 303 2168 iacias
313 2129 404 2185 noque
414 2112 495 2185 plura
509 2129 606 2184 parare
620 2111 738 2176 labores,

83 2205 131 2244 sac
146 2188 248 2260 potius,
260 2204 330 2260 puer
340 2195 370 2243 ut
382 2185 460 2243 festis
469 2187 688 2259 quinquatribus
698 2186 776 2251 olim,

84 2264 205 2336 »exiguo
215 2270 348 2335 gratoque
360 2260 461 2318 fruaris
471 2270 596 2333 tompore
606 2264 717 2334 raptim.

84 2336 590 2409 »Pauperiasimmuudadomoprocul
597 2337 679 2392 absit:
687 2344 838 2409 egoutrum

84 2430 171 2469 suave
183 2412 255 2467 ferar
265 2429 365 2486 magua
379 2430 519 2485 caparra,
532 2410 604 2467 ferar
614 2429 687 2467 unus
697 2420 724 2466 et
734 2410 821 2467 idem.
852 2420 894 2467 20⁰

84 2490 160 2543 »Nou
171 2488 281 2560 agimur
291 2488 407 2544 tumidis
420 2487 492 2541 velis
502 2487 640 2559 Aquilone
651 2486 787 2542 secundo:

85 2580 155 2618 »non
170 2571 262 2618 tamen
273 2562 399 2618 adversis
410 2571 524 2617 aetatem
537 2562 668 2617 ducimus
678 2561 797 2625 Austris,

86 2637 222 2701 »viribus
233 2638 357 2711 iugenio,
369 2639 472 2709 specie,
488 2638 601 2701 virtuts,
618 2636 687 2699 ioco,
699 2653 739 2699 rs,

86 2713 219 2768 »extremi
230 2713 393 2785 primorum,
406 2712 539 2767 extremis
549 2728 639 2783 usque
649 2710 767 2782 priores.

86 2788 162 2843 »Non
173 2804 203 2842 ss
213 2804 328 2843 avarus:
342 2787 399 2842 abi.
417 2784 510 2853 Quid?
519 2784 839 2913 caeteraiarpsimulisto
852 2792 893 2837 tot

125 2864 262 2917 flotarius.
