2159 3150
390 271 528 318 LIBER
566 273 597 317 ll.

376 453 402 514 Ο
424 455 449 514 D
471 455 495 514 E
535 455 619 515 XVI.

269 571 313 612 nn
331 570 508 613 rournruu
526 571 714 614 onosrnuu.

108 809 289 854 muniminum
301 809 356 846 vius
370 812 416 846 nto
430 810 496 845 omnis
508 811 623 846 uotum
636 820 692 857 osse,
706 810 750 847 slve
762 811 821 848 illm
834 812 870 858 eis,

313 883 315 888 ·
347 873 482 918 orep-uper.
506 874 565 911 lstr.
574 876 637 911 mI-

151 945 256 1010 Otium
265 954 347 1010 divos
358 963 436 1028 roget
445 956 475 1010 in
484 957 591 1028 patenti

149 1046 271 1102 prensus
282 1030 401 1104 Aegaeo,
414 1031 498 1086 simul
514 1040 572 1087 ntro
583 1031 673 1087 nubes

150 1105 278 1163 condidit
289 1105 393 1168 lunum,
407 1123 497 1178 neque
508 1115 582 1162 corta
593 1106 702 1181 fulgent
752 1177 756 1184 .

225 1180 318 1236 sidero
328 1182 436 1237 nautis:

148 1274 238 1329 otium
249 1272 324 1329 bello
334 1272 438 1329 furiose
450 1273 565 1339 Thraco,

147 1349 238 1404 otium
248 1347 323 1406 Medi
334 1348 464 1422 pharetra
478 1349 583 1414 decori,

148 1424 292 1498 Grospho,
309 1441 364 1480 non
375 1425 495 1498 gemmis
506 1441 598 1497 nequo
607 1440 732 1498 purpura
742 1441 792 1481 ve-

226 1499 290 1555 nale
303 1515 394 1571 neque
405 1516 482 1556 suro.

146 1593 208 1647 Non
219 1592 295 1647 onim
305 1609 390 1666 gozso
401 1609 492 1664 neque
503 1592 658 1649 consuleris

146 1675 307 1723 summovet
317 1668 397 1723 lictor
408 1668 524 1724 miseros
536 1667 673 1724 tumultus
895 1680 921 1724 io

145 1743 249 1799 mentis
260 1751 287 1798 et
299 1759 380 1798 curus
392 1744 519 1815 loquente
529 1744 637 1800 circum

223 1826 295 1874 tecta
305 1818 441 1874 volantes.

144 1909 259 1966 Vivitur
268 1927 355 1982 parvo
365 1909 447 1975 bene,
460 1911 506 1967 oui
517 1918 664 1983 paternum
678 1940 681 1952 ·

143 1985 276 2058 splendet
287 1987 316 2040 in
327 2002 423 2041 menso
434 1986 511 2041 tenui
523 1986 645 2041 salinum

144 2078 197 2117 nee
207 2061 285 2117 leves
296 2077 408 2117 somnos
420 2061 501 2118 timor
512 2070 559 2117 sut
569 2058 673 2133 cupido

220 2135 354 2191 sordidus
364 2136 465 2191 oulsrt.

142 2226 219 2295 Quid
230 2227 312 2284 brevi
322 2226 406 2284 fortes
417 2228 573 2284 iaculamur
582 2244 652 2283 novo

142 2302 251 2359 multu?
271 2302 341 2376 quid
355 2312 441 2359 terrns
452 2303 506 2361 olio
517 2303 639 2359 colentes

141 2379 203 2433 sole
214 2386 356 2434 mutemus
366 2378 475 2451 pntrin‘l
494 2380 561 2452 quis
574 2378 654 2434 exsul

219 2471 251 2509 se
261 2470 374 2526 quoque
386 2452 477 2527 lugit‘l

141 2545 259 2602 Scandit
271 2555 377 2601 aeratus
386 2546 487 2602 vitiosa
498 2562 584 2603 noves

141 2638 220 2687 euro,
232 2638 284 2677 neo
293 2630 399 2677 turmas
410 2621 536 2693 equitum
548 2621 692 2693 relinquit,

138 2696 217 2753 ocior
228 2696 320 2753 cervis
330 2704 357 2752 et
366 2714 379 2751 s
383 2705 466 2771 gente
479 2696 590 2752 nimbos

216 2773 292 2827 ocior
301 2772 386 2827 Euro.
