2159 3150
94 2948 124 3060 l

137 321 139 327 .
215 280 266 331 226
456 284 729 330 SATIRARUbl

158 398 184 441 5ο
214 385 345 458 Frigidus
357 403 371 439 a
383 385 488 439 Rostris
498 394 591 438 manat
602 401 652 455 per
661 385 781 455 compita
793 400 902 439 rumor:

214 463 386 533 quicumque
396 460 498 515 obvius
510 470 562 524 est,
574 476 618 513 me
628 459 763 515 consulit:
790 458 827 515 »Ο
838 460 921 525 boue,
933 490 975 503 -

658 553 721 589 nam
736 544 763 589 te

213 613 310 677 ascire,
318 612 384 666 deos
391 611 523 683 quoniam
533 612 649 681 propius
660 610 809 682 contingis,
819 619 973 681 oportet-

212 705 293 742 »num
308 687 379 759 quid
393 686 428 741 de
438 687 518 741 Dacis
530 684 671 740 audisti‘?«
688 680 714 759 il
729 686 789 740 »Nil
805 685 972 757 equidem«

691 760 781 815 »Uttu

213 759 968 910 »sempeterisderisorluilrlltomiresdlexagitentme‚

155 926 181 969 55
206 914 245 968 usi
256 912 439 985 quidquam«
453 910 475 985 Ἦ
490 908 598 978 »Ouidi
607 910 747 966 militibus
756 913 895 983 promissa
906 913 972 967 Tri-

349 1004 353 1013 ’
676 995 754 1040 uetra

211 1063 341 1137 »praedia
352 1062 452 1119 Caesar
462 1080 496 1116 au
508 1070 549 1115 est
560 1061 627 1116 ltal'a
637 1002 736 1116 tillure
747 1060 901 1116 datumst«

210 1142 348 1195 lurautem
359 1150 403 1193 me
414 1140 486 1192 scire
501 1137 584 1201 nihil,
597 1137 723 1201 miratur,
740 1146 772 1191 ut
782 1154 871 1191 uuum

210 1216 319 1271 scilicet
330 1214 436 1287 egregii
449 1212 592 1267 mortalem
604 1212 709 1284 altique
720 1212 825 1267 silenti.

209 1291 337 1346 Perditur
348 1289 417 1345 baec
426 1290 498 1345 iuter
508 1288 610 1343 misero
625 1288 683 1350 lux,
699 1305 753 1342 nou
763 1288 825 1343 siue
838 1288 927 1343 votis:

154 1376 181 1421 50
210 1364 305 1423 Orusl
319 1364 431 1438 quando
442 1381 492 1438 ego
503 1374 530 1418 te
540 1364 704 1493 adspiciassm,
717 1363 886 1435 quandoque
898 1363 970 1417 lice-

675 1440 696 1493 it

211 1515 504 1571 nuncveterumlibris
516 1531 693 1569 nuucsomno
703 1522 730 1569 et
739 1514 878 1569 inertibus
890 1513 969 1570 boris

210 1592 312 1648 ducere
325 1592 462 1647 sollicitae
472 1590 596 1646 iucunda
606 1591 712 1646 oblivia
723 1588 815 1646 vitae‘l

210 1667 233 1724 Ο
244 1668 356 1740 quaudo
367 1667 430 1723 laba
439 1667 611 1742 Pythagorae
622 1676 737 1739 cognata
751 1667 894 1739 simulque

210 1753 293 1799 uncta
304 1745 372 1799 satis
382 1744 483 1818 pingui
494 1752 632 1815 ponentur
642 1742 768 1798 oluscula
779 1740 875 1797 lardo‘?

154 1832 179 1875 55
209 1818 232 1875 0
244 1829 337 1875 noctes
348 1835 506 1892 coenasque
517 1819 601 1874 deum
614 1817 720 1890 quibus
730 1819 791 1891 ipse
802 1819 914 1889 meique

208 1904 271 1951 ante
282 1896 367 1951 larem
378 1895 522 1967 proprium
538 1911 633 1950 vescor
647 1911 803 1966 vernasque
817 1907 950 1965 procaces

209 1989 292 2045 pasco
304 1971 399 2026 libatis
409 1970 545 2043 dapibus!
561 1971 645 2026 Prout
654 1971 758 2042 cuique
769 1968 858 2024 libido
868 1979 920 2033 est,

208 2049 299 2120 siccat·
305 2046 467 2119 inaequales
478 2045 581 2101 calices
592 2047 710 2101 conviva
722 2046 831 2101 solutus

209 2123 321 2197 legibus
331 2123 448 2185 insanis,
463 2139 514 2176 seu
524 2123 590 2194 quis
599 2122 674 2193 capit
683 2122 756 2176 acria
771 2120 849 2175 lortis

152 2209 180 2252 το
209 2197 319 2271 pocula,
331 2216 382 2253 seu
393 2197 511 2253 modicis
525 2198 634 2252 uvescit
645 2197 756 2251 laetius.
784 2197 858 2268 Ergo

209 2291 300 2329 sermo
310 2275 407 2338 oritur,
420 2291 475 2328 nou
487 2273 521 2328 da
533 2272 611 2328 villis
622 2271 789 2327 domibusve
799 2271 910 2335 alienis,

208 2367 268 2413 nec,
282 2350 353 2405 male
363 2367 449 2403 necne
461 2350 550 2420 Lepos
563 2348 658 2416 saltet3
674 2346 725 2402 sed
738 2345 814 2419 quod
825 2348 917 2420 magis
927 2345 965 2400 ad

654 2440 703 2477 nos

208 2501 328 2572 pertinet
338 2509 364 2555 et
376 2500 482 2554 nescire
493 2499 598 2553 malum
609 2508 660 2562 est,
668 2501 818 2571 agitamus:
832 2506 966 2552 utrumne

210 2575 320 2629 divitiis
331 2574 458 2629 homiues
468 2593 502 2629 an
514 2576 571 2628 siut
581 2575 683 2628 virtute
694 2574 781 2641 beati3

155 2661 180 2703 ts
209 2649 316 2721 quidve
326 2650 361 2703 ad
372 2650 518 2712 amicitias,
530 2666 598 2704 usus
610 2659 767 2714 rectumne,
780 2648 870 2703 trahat
884 2665 951 2714 uos3

210 2736 237 2778 ct
246 2742 318 2796 quae
328 2726 365 2779 sit
375 2734 471 2779 natura
483 2725 549 2779 boui
560 2741 759 2797 summumque
769 2723 839 2795 quid
849 2723 923 2778 eius.

211 2802 328 2855 Cervius
340 2799 407 2856 haec
418 2801 490 2855 iuter
504 2801 615 2854 vicinus
625 2802 712 2873 garrit
722 2801 811 2855 aniles
