2159 3150
221 347 297 390 urar.
320 348 340 391 1.
371 349 756 402 uutsr.xvrr.xv111.
809 347 861 401 267

104 446 182 501 nulla
195 445 264 502 fides
275 446 385 502 damnis
397 450 527 520 verisque
538 449 683 505 doloribus
694 451 777 508 adsit.

102 522 160 576 Nec
171 523 259 578 semel
271 523 370 578 irrisus
382 525 474 579 triviis
484 525 609 581 attollere
619 537 698 582 curat

102 596 190 653 lracto
204 615 284 653 crure
295 598 425 671 planum.
442 599 507 655 licet
518 600 561 655 illi
572 600 693 672 plurima
704 612 797 660 manet

102 672 228 738 lacrimo,
240 689 291 745 per
300 682 427 729 sanctum
438 676 546 731 iuratus
556 675 631 732 dicat
640 675 760 735 Osirim:
888 691 915 738 te

101 747 239 813 »Credite
252 765 306 804 nou
319 749 400 818 ludo;
418 749 556 816 crudeles,
573 752 660 808 tollite
671 754 802 810 claudum
811 756 839 810 l«

100 821 224 890 »Quaere
235 826 429 898 peregrinum«
440 826 546 882 vicinia
555 844 637 884 rauce
649 829 791 886 reclamat.

253 1095 528 1158 EPlSTOLA
569 1099 686 1159 xvlll.

347 1230 396 1271 Au
419 1225 607 1274 corutum

171 1468 202 1502 De
212 1467 281 1504 eedem
287 1479 310 1505 re
319 1472 427 1514 praecepte
436 1470 515 1514 dentur,
525 1471 550 1505 de
559 1480 599 1513 qu
606 1471 629 1507 ln
637 1473 740 1518 προπίω
749 1473 842 1518 eplatole.

101 1555 137 1621 Si
148 1566 220 1622 bena
231 1575 257 1623 te
271 1568 346 1633 novi,
361 1578 476 1634 metues,
492 1568 633 1625 liberrime
644 1571 726 1637 Lolli.

100 1643 256 1698 scurrantis
265 1644 388 1715 speciem
399 1644 540 1717 praehere,
554 1645 696 1717 proleeeus
707 1649 840 1704 amicum.

99 1718 136 1774 Ut
147 1727 271 1774 matrona
285 1720 424 1775 meretrici
434 1719 531 1792 dispar
542 1723 595 1777 erit
604 1731 688 1794 atque

99 1792 232 1858 discolor,
245 1793 332 1849 infido
341 1812 454 1851 scurrae
463 1795 580 1851 distabit
591 1799 709 1853 amicus.

98 1869 149 1924 Est
160 1868 227 1923 huic
237 1869 382 1925 diversum
392 1871 462 1926 vitio
473 1873 573 1927 vitium
584 1889 670 1945 prope
681 1874 781 1936 maius,
899 1883 913 1928 t

99 1945 238 2016 asperitas
251 1946 370 2018 agrestis
381 1955 409 2001 et
419 1947 586 2002 inconcinna
599 1950 761 2021 gravisque,

98 2037 173 2091 quee
186 2037 217 2075 se
230 2021 406 2077 commendat
416 2030 494 2077 tonsa
505 2031 580 2088 cute,
592 2022 725 2083 dentibus
737 2023 812 2085 etrie,

99 2096 170 2151 dum
180 2096 242 2151 vult
256 2095 370 2152 libertas
380 2097 438 2153 dici
449 2115 524 2153 mera
535 2116 657 2171 veraque
668 2101 770 2155 virtue.

99 2171 854 2247 Virtueestmediumvitiorumetutrimquereductum.

98 2245 186 2311 Alter,
199 2248 229 2302 iu
239 2248 408 2320 obsequium
419 2249 484 2320 plue
497 2267 587 2321 aequo
596 2268 702 2323 pronus
715 2258 743 2306 et
753 2250 803 2304 imi
886 2257 913 2303 tt
984 2266 986 2270 ’

99 2322 209 2378 derisor
219 2322 293 2387 lecti,
306 2325 347 2378 sic
358 2332 457 2380 nutum
468 2325 568 2381 divitie
579 2326 680 2391 horret,

98 2398 142 2453 sic
151 2398 233 2453 iterat
247 2416 329 2454 voces
342 2408 370 2455 et
383 2400 468 2456 verba
482 2401 610 2457 cadentia
620 2402 702 2465 tollit,

98 2482 131 2528 ut
144 2490 263 2546 puerum
277 2492 361 2530 saevo
372 2476 470 2531 credes
481 2476 583 2532 dictata
596 2480 730 2551 magistro

98 2549 227 2613 reddere,
241 2550 286 2605 vel
298 2560 390 2622 partes
405 2554 522 2606 mimum
535 2561 651 2607 tractare
660 2549 815 2618 secundae,

99 2625 170 2680 alter
181 2626 289 2681 rixatur
302 2625 337 2681 de
350 2628 411 2682 lana
422 2644 505 2699 saepe
519 2630 643 2699 caprina,
883 2631 931 2684 m-
987 2654 992 2661 ’

97 2709 258 2773 propugnat
268 2702 352 2773 nugis
362 2712 497 2758 armatus:
522 2702 661 2767 »Scilicet
673 2712 704 2758 ut
714 2719 769 2757 uou

97 2779 150 2830 »sit
161 2776 232 2830 mihi
245 2780 335 2847 prima
347 2777 416 2832 fides
427 2785 463 2841 et,
480 2795 545 2833 vere
556 2778 631 2849 quod
641 2778 743 2851 placet.
758 2786 855 2833 utnon

97 2852 216 2905 »acriter
226 2852 351 2914 elnaem,
368 2854 486 2923 pretium
499 2862 574 2907 aetas
585 2854 670 2908 altere
681 2852 800 2909 sordet«
