2159 3150
215 281 263 330 att
422 265 748 331 sersaonanuu

216 387 255 439 Tu
268 385 365 438 nidum
376 401 480 447 servas,
494 401 545 457 ego
558 385 639 439 laudo
650 386 722 440 ruris
736 388 842 441 amoeni

216 465 290 514 rivos
302 469 328 513 et
337 476 432 512 musco
443 461 599 514 circumlita
611 478 677 514 saxa
690 478 855 533 nemusque.

215 534 288 602 Quid
299 533 429 605 quaeris?
445 536 509 590 vivo
520 546 548 590 et
558 552 652 608 regno,
664 536 749 590 simul
761 538 813 591 ista
829 538 944 608 reliqui,

216 627 287 682 quae
299 627 347 664 vos
359 609 393 664 ad
407 610 514 664 coelum
526 610 603 664 lertis
614 627 723 665 rumore
733 612 866 675 secundo,

160 696 186 740 to
212 696 298 757 utque
313 684 464 740 sacerdotis
475 684 611 758 fugitivus
623 685 680 740 liba
689 703 801 741 recuso:

216 777 286 832 pane
298 777 365 833 egeo
379 762 435 814 iam
446 761 560 815 mellitis
572 762 676 831 potiore
686 761 831 832 placentis.

217 837 316 890 Vivere
328 847 440 890 naturae
450 837 474 890 si
485 837 682 890 convenienter
694 845 809 908 oportet,

218 911 416 982 ponendaeque
435 910 515 966 domo
530 910 689 982 quaerenda
703 921 745 965 est
760 929 821 966 area
832 914 967 984 primum,

218 987 356 1041 novistine
371 987 461 1042 locum
472 987 607 1058 potiorem
620 1004 683 1041 rure
695 985 793 1042 beato?

161 1073 186 1114 tt
213 1063 261 1116 Est
273 1062 320 1116 ubi
333 1061 396 1134 plus
408 1070 518 1133 tepeant
528 1061 649 1126 hiemes,
672 1061 721 1116 ubi
732 1063 835 1134 gratior
845 1080 912 1117 aura

218 1137 302 1192 leniat
313 1146 339 1190 et
349 1137 455 1191 rabiem
465 1137 548 1192 Canis
558 1144 585 1191 et
599 1145 736 1191 momenta
747 1137 857 1202 Leonis,

218 1229 304 1282 quum
316 1212 400 1267 semel
412 1213 518 1283 accepit
530 1213 617 1266 solem
629 1211 799 1267 furibundus
810 1213 941 1268 acutum?

218 1295 260 1341 est
272 1287 318 1341 ubi
331 1286 447 1342 divellat
456 1303 567 1341 somnos
578 1288 670 1341 minus
683 1287 778 1342 invida
790 1287 875 1342 cura‘l

217 1361 338 1416 deterius
350 1362 462 1436 Libycis
473 1363 527 1416 olet
541 1372 588 1416 aut
599 1363 667 1417 nitet
678 1361 762 1416 herba
775 1361 899 1434 lapillis?

162 1447 189 1491 tt
216 1439 310 1508 purior
321 1439 350 1491 in
361 1439 431 1492 vicis
443 1455 514 1508 aqua
524 1438 613 1492 tendit
624 1454 752 1508 rumpere
763 1437 922 1508 plumbum,

218 1529 302 1584 quarn
317 1529 388 1584 quae
406 1529 456 1585 per
470 1528 589 1586 pronum
604 1511 724 1584 trepidat
741 1529 805 1566 cnm
825 1530 968 1568 murmure

662 1586 772 1641 rivum‘l

198 1658 200 1668 ’
218 1664 322 1732 Nempe
336 1662 407 1716 inter
418 1664 508 1717 varias
518 1664 639 1719 nutritur
648 1663 720 1718 silva
731 1662 882 1725 columnas,

221 1736 403 1807 laudaturque
414 1736 527 1801 domus,
544 1737 639 1810 longos
650 1754 721 1809 quae
730 1738 864 1809 prospicit
874 1756 967 1812 agros.

219 1812 349 1867 Naturam
361 1812 485 1882 expellas
496 1811 581 1874 lurca,
597 1821 686 1867 tamen
698 1830 786 1883 usque
797 1824 928 1875 recurret,

164 1896 190 1939 25
216 1897 242 1941 et
254 1886 323 1941 mala
335 1895 494 1958 perrumpet
506 1887 600 1941 lurtirn
614 1887 723 1941 fastidia
735 1889 846 1942 victrix.

219 1963 287 2026 Non,
303 1964 352 2033 qui
365 1962 479 2018 Sidonio
491 1961 656 2016 contendere
667 1961 786 2017 callidus
796 1972 869 2017 ostro

218 2038 307 2091 nescit
316 2035 483 2108 Aquinatem
493 2038 615 2109 potantia
625 2037 727 2093 vellera
739 2036 843 2101 lucum,

220 2114 322 2166 certius
332 2113 449 2184 accipiet
459 2111 591 2167 damnum
602 2114 752 2185 propiusve
763 2112 905 2173 medullis,

220 2203 304 2257 quarn
315 2188 364 2257 qui
375 2204 428 2241 non
439 2189 539 2259 poterit
549 2205 614 2241 vero
625 2187 797 2259 distinguere
807 2186 920 2241 falsum.

164 2271 191 2314 at
220 2260 307 2327 Quem
318 2279 361 2316 res
375 2262 439 2333 plns
449 2262 535 2316 nimio
547 2262 718 2317 delectavere
729 2262 876 2324 secundae,

220 2345 338 2391 mutatae
348 2338 483 2407 quatient.
515 2336 625 2407 Siquid
638 2336 783 2400 mirabere,
796 2354 881 2407 pones

220 2412 336 2466 invitus.
366 2412 442 2483 Fuge
453 2428 568 2484 magna:
582 2410 646 2466 licet
655 2411 708 2465 sub
719 2428 840 2482 paupere
850 2421 921 2466 tecto

222 2502 299 2557 reges
310 2495 336 2540 et
347 2502 444 2558 regum
455 2488 510 2541 vita
523 2503 699 2557 praecurrere
709 2487 822 2540 amicos.

222 2558 325 2613 Cervus
339 2576 546 2633 equumpugna
556 2561 654 2615 melior
664 2561 858 2617 communibus
871 2561 971 2615 herbis

165 2641 192 2684 35
220 2632 349 2702 pellebat,
362 2634 450 2689 donec
460 2636 551 2690 minor
560 2636 589 2690 in
600 2636 748 2689 certamine
759 2635 842 2708 longo

222 2707 381 2776 imploravit
389 2712 456 2778 opes
468 2709 589 2764 bominis
601 2709 765 2780 irenunrque
776 2714 894 2781 recepit:

224 2780 272 2834 sed
283 2791 428 2852 postquam
440 2785 527 2839 victor
539 2784 645 2839 violens
655 2784 784 2839 discessit
795 2786 830 2839 ab
842 2786 931 2845 hoste.
