2159 3150
533 278 728 327 ottanum.

291 398 363 453 quae
374 381 453 452 prius
463 378 581 434 muitum
593 377 684 432 facilis
695 377 823 435 movebat

213 477 216 482 ·
290 456 429 511 cardines.
469 452 558 508 Audis
569 453 661 506 minus
671 461 698 507 et
708 453 801 507 minus
811 453 881 509 iam:

290 533 346 586 »Me
357 538 404 585 tuo
416 528 511 602 longas
521 536 654 599 pereunte
664 536 767 590 noctes,

367 602 463 676 Lydia.
478 599 619 656 dormiat«

289 696 411 751 Invicem
423 693 551 747 moechos
561 709 630 746 anus
644 701 802 763 arrogantes

289 768 369 824 debis
380 769 408 822 in
420 767 479 822 saio
492 767 563 821 levis
573 767 729 838 angiportu,

289 843 405 900 Thracio
417 841 568 896 bacchante
581 841 670 913 magis
680 839 735 894 sub
746 840 833 894 inter·

372 917 448 971 iunia
459 923 555 970 vento:

289 1026 376 1081 quum
387 1007 439 1063 tibi
449 1005 569 1079 flagrans
578 1023 654 1061 amor
667 1015 694 1059 et
703 1004 801 1068 iibido,

287 1100 359 1156 quae
369 1083 439 1137 sciet
449 1089 550 1136 matres
561 1079 662 1135 furiare
672 1095 816 1150 equarum,

287 1159 392 1213 saeviet
402 1158 475 1211 circa
486 1156 565 1210 iecur
574 1155 741 1218 ulcerosum,

369 1249 423 1287 non
433 1231 494 1286 sine
503 1238 613 1302 questu,

288 1324 356 1378 laeta
366 1322 442 1394 quod
452 1321 542 1393 pubes
553 1320 654 1375 hedera
669 1320 770 1373 virenti

286 1397 405 1472 gaudeat
414 1397 490 1468 pulla
503 1397 592 1468 magis
604 1403 686 1466 atque
697 1400 799 1465 myrto.

288 1472 378 1526 aridas
390 1471 499 1526 frondes
510 1470 611 1524 hiemis
621 1468 710 1522 sodali

194 1557 221 1601 tc
372 1545 482 1602 dedicet
492 1547 576 1600 Euro.

489 1735 514 1793 0
536 1736 561 1793 n
582 1689 609 1793 n
648 1733 762 1793 xxvi.

390 1852 432 1891 AD
446 1852 559 1891 MUSAH
572 1851 615 1890 DE
628 1850 730 1891 ΑΕΗΘ
744 1847 849 1888 LAtssA

540 1978 709 1989 ——-—-

253 2089 334 2123 Relictis
348 2092 401 2123 auris
415 2089 514 2131 utusque
528 2086 614 2130 pandet·
627 2095 672 2120 eun
680 2085 750 2119 Luta
762 2085 836 2119 nutes
849 2083 969 2127 postiam·
978 2094 1006 2119 κ

458 2151 573 2186 conversari
582 2150 644 2193 eapte.
668 2148 726 2183 Matr.
735 2148 780 2182 XV!

286 2223 381 2286 Musis
392 2233 497 2287 amicus
509 2230 649 2285 tristitiam
659 2238 686 2284 et
695 2237 785 2283 metus

289 2307 393 2362 tradam
404 2305 542 2379 protervis
551 2306 581 2359 in
592 2321 667 2358 mare
680 2303 819 2359 Creticum

327 2381 550 2452 portareventia:
570 2376 792 2449 quissubdrctc

369 2473 419 2511 rex
428 2454 538 2529 gelidae
550 2462 688 2508 metuatur
696 2469 770 2515 orae,

194 2558 206 2598 ⁵
287 2546 357 2617 quid
368 2546 509 2602 Tiridaten
518 2552 627 2607 terreat,
641 2544 723 2598 unice

289 2637 414 2675 securus.
454 2622 560 2691 Oquae
575 2618 698 2672 fontibus
709 2616 824 2688 integris
971 2651 974 2656 ·

326 2695 441 2766 gaudes,
454 2695 564 2765 apricos
574 2701 652 2746 necte
663 2690 752 2753 flores.
917 2692 921 2697 “

371 2778 449 2821 necte
461 2784 521 2821 meo
531 2767 643 2820 Lamiae
653 2780 781 2819 coronam
