2159 3150
387 273 525 319 LIBER
564 277 583 320 1.

135 382 248 437 contus,
261 372 446 444 Melpomene,
461 375 507 429 cui
519 374 657 446 liquidnm
668 378 747 434 Peter

178 465 275 526 vocem
287 465 352 502 curn
362 448 468 504 cithero
482 449 570 505 dedit.

134 541 212 612 Ergo
223 538 409 607 Quinctilium
419 550 573 613 perpetuus
582 559 665 614 sopor

135 613 237 688 urget?
257 617 303 670 cui
314 616 405 687 pudor
415 624 442 671 et
453 618 578 672 iustitiae
587 635 673 684 soror,
729 638 734 646 ’

134 692 297 762 incorrupte
307 689 387 756 fides,
399 691 531 763 nudeque
545 695 657 756 veritos,

175 765 288 837 quondo
298 765 390 844 ullium
401 767 546 823 invenient
556 767 671 840 peremi

132 858 231 914 Multis
242 857 291 913 ille
300 857 383 913 bonis
394 857 497 914 flebilis
510 861 627 916 occidit:

132 933 208 988 nulii
219 931 349 998 debilior,
362 951 446 1006 quern
459 935 521 999 tibi,
534 936 646 1009 virgili.

132 1009 177 1063 Tu
188 1008 290 1064 frustra
299 1010 375 1080 pius,
388 1009 458 1065 heui
479 1027 534 1065 non
546 1013 583 1066 ita
594 1011 732 1067 creditum

172 1085 265 1156 poecis
276 1083 461 1151 Quinctilium
475 1086 553 1140 deos.

130 1174 213 1242 Quod
225 1177 250 1230 si
264 1175 394 1231 Threicio
405 1176 537 1232 blandius
548 1176 659 1249 Orpheo

130 1252 257 1306 nuditum
269 1250 412 1308 moderere
422 1252 570 1307 arboribus
581 1252 674 1316 fidem,

131 1344 188 1382 non
198 1344 287 1382 venae
297 1326 392 1382 redeat
402 1330 519 1400 sanguis
530 1329 657 1400 imagini,

170 1419 255 1474 qnam
265 1403 346 1475 virge
356 1404 442 1459 serne'l
455 1403 577 1467 horride,

129 1512 185 1550 non
197 1495 269 1549 ienis
280 1495 412 1566 precibus
423 1495 476 1550 fote
489 1495 641 1559 recludere,

130 1570 211 1643 nigro
223 1570 390 1642 compulerit
401 1573 556 1628 Mercurius
566 1570 656 1644 gregi,

129 1647 251 1702 Duruml
269 1645 318 1701 sed
331 1646 421 1702 levius
434 1648 463 1702 fir
473 1646 617 1719 patientie,

167 1720 310 1793 quidquid
320 1724 458 1796 corrigere
469 1731 511 1777 est
522 1721 610 1777 nefas.

345 1996 462 2057 ODE
504 1998 593 2058 XXV.

296 2132 650 2173 nunrnlnu.

825 274 860 328 Π

113 2386 191 2430 nynia
200 2386 281 2421 remim
289 2386 369 2423 vetulo·
378 2388 469 2431 henim,
483 2388 536 2430 qnod
545 2389 570 2422 eb
580 2386 702 2421 emtoribus
708 2386 820 2422 demun·

409 2451 467 2487 loir.
479 2451 535 2487 xvn

128 2556 250 2619 Porcius
264 2566 373 2621 iunctos
383 2573 514 2637 quatiunt
523 2565 658 2620 fenestras

129 2640 235 2695 ictibus
249 2640 355 2695 crebris
365 2642 482 2697 iuvenes
492 2639 625 2713 protervi,

130 2732 183 2771 nec
192 2715 245 2770 tibi
256 2733 368 2771 somnos
380 2716 520 2771 adimunt:
539 2722 667 2784 ornetque

206 2792 289 2845 ianua
306 2791 402 2854 limen,
