2159 3150
302 293 437 338 L1u11.
467 292 608 336 EPIST.
630 293 665 336 ΙΙ.
806 287 857 340 285

99 395 253 467 civilisque
262 393 365 449 rudem
373 392 442 448 belli
454 392 518 447 tulit
530 402 623 446 aestus
634 394 662 446 in
674 410 759 449 arma.

100 471 228 528 Caesaris
238 469 358 543 Augusti
370 485 424 524 non
436 485 602 539 responsura
616 469 736 524 lacertis.

98 546 179 603 Unde
192 545 276 600 simul
287 546 411 617 primum
422 561 466 598 me
478 543 611 598 dimisere
621 544 758 615 Philippi,

99 622 206 677 decisis
216 621 353 676 humilem
365 621 466 692 pennis
476 621 646 691 inopemque
656 621 764 691 paterni
888 631 914 673 tu

99 708 127 753 et
137 698 217 752 Laris
229 705 256 752 et
267 695 348 751 lundi
359 705 508 768 paupertas
518 696 634 767 impulit
645 694 747 759 audax,

99 782 131 829 ut
143 790 242 828 versus
253 770 386 840 lacerem;
401 771 460 835 sed,
473 771 549 842 quod
557 789 611 826 non
619 771 702 835 desit,
711 771 859 826 habentem

99 866 173 922 quae
183 857 315 921 poterunt
324 864 459 919 umquam
471 849 539 902 satis
552 864 709 920 expurgare
720 847 838 912 cicutae,

99 927 130 980 ni
145 925 247 979 melius
258 924 379 979 dormire
390 933 496 994 putem,
511 940 596 994 quam
610 922 734 978 scribere
744 921 861 978 vorsus?

99 1000 220 1074 Singula
232 1000 266 1055 de
277 999 358 1054 nobis
372 999 437 1054 anni
448 998 617 1070 praedantur
626 1006 738 1054 euntes:
889 1009 915 1053 55

100 1078 231 1148 eripuere
242 1078 326 1140 iocos,
339 1075 485 1140 Venerem,
499 1075 639 1138 convivia,
653 1074 766 1143 ludum;

99 1151 220 1207 tendunt
231 1162 395 1222 extorquere
406 1159 545 1222 poemata:
561 1150 632 1222 quid
647 1149 746 1205 laciam
759 1150 821 1206 vis?

98 1229 227 1299 Denique
240 1244 293 1282 non
304 1244 400 1282 omnes
412 1226 509 1282 eadem
520 1227 658 1281 mirantur
668 1235 831 1299 amantque:

99 1305 226 1359 carmine
236 1313 267 1358 tu
278 1302 395 1376 gaudes,
409 1302 456 1357 hic
469 1301 624 1358 delectatur
634 1302 746 1367 iambis,

97 1380 149 1435 ille
159 1379 271 1434 Bioneis
282 1379 459 1434 sermonibus
470 1387 497 1433 et
507 1378 566 1432 sale
579 1379 671 1450 nigro.
889 1388 915 1431 to

98 1457 168 1511 Tres
180 1454 251 1510 mihi
261 1455 396 1511 convivae
406 1471 492 1527 prope
504 1454 655 1509 dissentire
665 1452 806 1518 videntur,

98 1539 247 1605 poscentes
257 1531 335 1587 vario
348 1531 468 1586 multum
479 1529 591 1586 diversa
603 1528 704 1602 palato.

99 1607 176 1675 Quid
188 1606 271 1663 dem‘l
280 1608 350 1679 quid
361 1624 416 1663 non
427 1605 510 1662 dem?
524 1607 630 1661 Renuis
641 1614 681 1670 tu,
693 1604 769 1677 quod
780 1604 859 1661 iubet

605 1682 688 1749 alter,

99 1756 857 1832 quodpetis,idsaneestinvisumacidumqueduobus.

159 1835 271 1889 Praeter
281 1845 381 1898 cetera,
394 1852 438 1889 me
449 1835 588 1889 Romaene
600 1841 727 1905 poemata
738 1849 836 1887 censes
890 1844 916 1888 tt

98 1910 226 1967 scribere
236 1927 318 1982 posse
329 1913 402 1965 inter
412 1918 451 1966 tot
461 1926 543 1964 curas
553 1918 648 1980 totque
660 1906 787 1964 labores?

98 1987 152 2043 llic
163 2003 297 2057 sponsum
308 1995 398 2050 vocat,
411 1986 457 2041 hic
468 1985 596 2040 auditum
606 1985 721 2055 scripta,
733 1984 839 2039 relictis

98 2062 235 2117 omnibus
244 2060 360 2130 olliciis;
374 2062 458 2117 cubet
469 2062 517 2116 hic
527 2063 557 2115 in
568 2060 640 2115 colle
650 2058 771 2126 Quirini,

98 2138 148 2193 liic
159 2145 283 2193 extremo
292 2138 322 2193 in
333 2136 480 2201 Aventino,
493 2135 629 2191 visendus
639 2144 770 2206 uterque:

99 2213 251 2270 intervalla
262 2213 343 2269 vides
355 2212 475 2267 humane
486 2212 641 2267 commoda.
672 2211 789 2266 »Verum
889 2221 916 2263 to

99 2306 205 2361 »purae
215 2297 281 2344 sunt
289 2289 407 2360 plateae,
420 2289 492 2343 nihil
503 2298 534 2343 ut
545 2286 746 2342 meditantibus
752 2286 869 2341 obstet«

99 2366 228 2421 Festinat
237 2364 346 2419 calidus
358 2365 442 2419 mulis
452 2366 617 2438 gerulisque
626 2362 774 2425 redemtor,

98 2438 876 2514 torquetnunclapidemnuncingensmaolrinatignum,

100 2517 194 2571 tristia
205 2516 327 2573 robustis
340 2518 480 2573 luctantur
490 2514 588 2571 funera
598 2515 742 2588 plaustris,

99 2591 155 2648 hac
165 2592 275 2647 rabiosa
287 2592 353 2649 lurit
364 2593 451 2656 canis,
470 2593 521 2647 hac
533 2591 670 2648 lutulenta
680 2590 737 2645 ruit
746 2608 811 2645 sus:
890 2599 917 2643 tt

99 2670 110 2723 i
124 2685 202 2722 nunc
213 2676 241 2723 et
251 2685 350 2723 versus
359 2679 451 2724 tecum
463 2668 598 2723 meditare
608 2683 734 2722 canoros.

99 2742 279 2816 Scriptorum
296 2743 397 2799 chorus
417 2744 508 2799 omnis
529 2752 603 2799 amat
622 2759 721 2872 ηἰιὲῑιιε
741 2749 768 2796 et
787 2739 860 2813 fugit

610 2836 643 2872 ur
680 2836 703 2874 s.

971 2997 1074 3119 ffl
