2159 3150
288 289 367 336 Ltu.
389 293 404 335 Ι.
433 293 578 338 ΕΡΙὸΤ,
603 293 661 338 vtt.
800 289 848 342 25⁴

89 391 123 447 Ut
135 401 255 446 ventum
268 391 302 446 ad
314 409 426 448 coenam
434 402 484 454 est,
497 393 615 448 dicenda
628 394 741 449 tacenda
749 395 852 468 loquu-

596 479 641 524 tus

88 541 204 596 taudem
218 541 368 596 dormitum
380 542 540 598 dimittitur.
575 545 635 608 Hic,
648 543 697 598 ubi
709 560 793 615 saepe

88 617 233 672 occultum
244 619 324 672 visus
335 617 482 674 decurrere
491 619 580 690 piscis
591 618 625 673 ad
637 618 762 682 hamum,

88 709 171 746 mane
184 693 274 748 cliens
286 703 312 748 et
322 693 378 748 iam
390 704 482 749 certus
493 695 622 758 conviva,
635 694 748 749 iubetur
878 706 906 750 tt

89 785 154 822 rura
166 767 329 823 suburbana
341 769 455 824 indictis
470 786 563 825 comes
573 771 614 824 ire
624 770 742 825 Latinis.

88 845 242 915 Impositus
255 846 364 899 mannis
376 861 473 901 arvum
484 845 651 917 coelumque
660 844 798 900 Sabinum

91 937 145 975 nou
159 928 251 974 cessat
260 920 384 976 laudare.
415 921 498 978 Videt
508 919 638 994 ridetque
649 920 813 993 Philippus:

4 1013 5 1016 ¹
89 1000 116 1051 et
126 995 184 1049 sibi
197 995 265 1050 dum
276 997 413 1067 requiem,
426 996 493 1051 dum
506 998 581 1051 risus
591 996 718 1068 undique
729 996 848 1068 quaerit,

4 1079 5 1132 Ξ
89 1071 159 1125 dum
174 1081 282 1143 septem
296 1071 380 1127 donet
389 1073 525 1133 sestertia,
537 1082 634 1127 mutua
646 1080 753 1143 septem
879 1080 906 1125 tt

4 1151 5 1218 i
88 1149 238 1219 promittit,
250 1147 409 1220 persuadet,
422 1149 461 1203 uti
475 1159 612 1202 mercetur
622 1147 757 1221 agelium.

4 1223 5 1230 ’
88 1223 239 1279 Mereatur.
271 1225 311 1278 Ne
321 1233 347 1279 te
359 1225 451 1297 longis
462 1224 630 1296 ambagibus
640 1223 713 1278 ultra

88 1316 175 1370 quam
187 1301 256 1362 setis
267 1309 317 1363 est,
331 1317 434 1355 morer:
448 1317 483 1354 ex
494 1299 584 1354 nitido
596 1298 626 1353 fit
635 1299 767 1363 rusticus,
780 1307 863 1368 atque

89 1375 185 1430 sulcos
196 1384 223 1430 et
233 1377 326 1430 vineta
337 1385 431 1447 crepat
442 1393 527 1440 mere,
540 1382 687 1447 praeparat
699 1374 801 1437 ulmos,

88 1451 250 1506 immoritur
259 1450 362 1506 studiis
373 1460 400 1506 et
409 1468 501 1506 amore
511 1451 632 1506 senescit
643 1447 777 1504 habendi.
878 1457 903 1500 tt

88 1527 195 1582 Verum
206 1525 256 1581 ubi
267 1543 334 1583 oves
346 1525 428 1591 furto,
440 1526 537 1583 morbo
548 1527 656 1599 periere
667 1524 801 1597 capellae,

89 1620 169 1676 spem
182 1604 297 1658 mentita
308 1620 399 1677 seges,
413 1603 463 1658 bos
475 1612 516 1658 est
528 1611 643 1658 enectus
654 1601 770 1656 arando:

88 1678 213 1735 offensus
224 1678 335 1733 damnis
346 1678 438 1735 media
449 1678 484 1734 de
495 1687 574 1733 nocte
585 1676 724 1732 caballum

89 1756 189 1826 arripit
201 1755 344 1825 iratusque
357 1754 482 1827 Philippi
495 1754 583 1809 tendit
598 1754 632 1808 ad
647 1751 741 1807 aedes.

4 1835 5 1852 ¹
89 1829 179 1897 Quem
195 1830 279 1886 simul
292 1830 422 1903 adspexit
432 1829 561 1884 scabrum
573 1831 772 1899 intonsumque
782 1824 848 1880 Phi·

595 1905 700 1976 lippus,
878 1910 905 1955 tu

89 1982 221 2045 »Durusar
234 1983 282 2046 ait,
298 1980 416 2045 »Vultei
431 1981 515 2035 nimis
527 1989 705 2051 attentusque
718 1976 825 2033 videris

90 2074 167 2111 resse
183 2056 279 2111 mihi«
300 2054 403 2129 ffirPel,
416 2072 461 2111 me
471 2056 617 2120 miserum,
630 2064 753 2126 patrone,
766 2068 850 2107 voea-

594 2148 647 2193 res,

88 2207 128 2262 ssi
140 2207 245 2262 velles«
257 2208 350 2278 inquit
363 2224 475 2262 »verum
488 2206 558 2262 mihi
570 2223 672 2279 ponere
684 2222 795 2261 nomeu.

88 2281 185 2349 »Quod
195 2291 222 2337 te
232 2298 283 2355 per
292 2283 406 2356 genium
414 2281 726 2353 dextramquedeosque
732 2282 847 2335 Penates

88 2358 220 2414 »ebsecro
232 2366 259 2413 et
268 2356 399 2423 obtestor,
412 2361 486 2413 vitae
498 2374 542 2413 me
553 2356 638 2413 redde
649 2357 736 2429 priori
744 2357 771 2409 tr
783 2384 821 2397 -
878 2364 905 2408 95

88 2433 143 2501 Qui
154 2432 242 2489 semel
254 2433 392 2505 adspexit,
405 2442 541 2505 quantum
553 2433 669 2487 dimissa
681 2433 777 2504 petitis
793 2460 796 2465 ·

87 2516 247 2582 praestent:
260 2517 381 2563 »mature
396 2508 489 2565 redeat
500 2520 662 2581 repetatque
673 2508 800 2563 relicta«

87 2586 181 2643 Metiri
193 2601 224 2639 se
234 2601 376 2656 quemque
387 2601 438 2639 suo
449 2583 781 2656 medutoacpedeverum
794 2591 846 2637 est.
