2159 3150
373 288 505 335 LIBER
546 290 588 336 IV.
806 289 852 342 lld

62 389 65 393 '
99 398 195 445 vatum
206 405 308 462 ponere
319 389 480 454 mechmas,

135 473 164 520 et
177 465 234 519 iam
245 464 328 520 dente
338 466 432 520 minua
443 465 570 522 mordeor
581 467 687 524 invido.

95 539 128 605 0,
145 539 296 596 testudinis
310 558 411 597 aureae

134 615 246 671 dulcem
258 633 330 688 quae
339 617 496 690 strepitum,
508 617 591 681 Pieri,
604 627 751 692 temperat,

94 709 111 748 o
122 693 210 748 mutis
221 708 333 765 quoque
343 691 471 766 piscibus

135 767 271 823 donatura
283 769 373 842 cyani,
388 769 413 824 ai
425 768 520 832 libeat,
536 785 650 826 sonum:

95 853 184 899 totum
196 845 321 899 muneris
332 844 384 900 hoc
394 844 436 900 tui
446 852 497 908 eet.

133 918 210 992 quod
221 930 359 976 monstror
368 918 458 994 digito
470 919 705 992 praetereuntium

94 994 237 1050 Romanae
252 995 354 1051 fidicen
365 995 455 1070 lyrae:

135 1070 212 1144 quod
222 1071 299 1144 spiro
310 1081 337 1127 et
349 1071 454 1144 placeo,
467 1071 491 1126 ei
503 1069 609 1144 placeo,
622 1078 752 1128 tuumeet

369 1303 441 1364 OD
463 1304 489 1365 E-
529 1304 579 1364 lv.

311 1422 354 1462 un
375 1421 489 1464 ueneat
509 1421 633 1464 nouau.

93 1629 189 1674 omnm,
198 1628 284 1673 insuti
292 1628 418 1675 privignum,
431 1630 457 1664 ab
465 1629 569 1664 victoriam
578 1629 602 1664 de
612 1630 721 1667 Vlndellele
730 1636 852 1677 reportata·

353 1691 448 1729 eatotnt.
471 1692 530 1729 latr.
539 1692 591 1728 xvt.

133 1765 258 1843 Qualem
270 1776 428 1831 ministrum
442 1772 569 1831 fulminis
580 1774 685 1841 alitem,

132 1853 181 1907 oui
193 1868 245 1907 rex
255 1850 370 1905 deorum
381 1866 497 1923 regnum
507 1851 537 1905 in
548 1868 614 1906 avae
626 1868 710 1926 vagat

172 1926 310 2000 permisit,
321 1934 453 1999 expertus
466 1923 577 1981 lidelem

208 2003 335 2075 luppiter
347 2001 377 2057 in
390 2000 553 2076 Ganymede
566 1999 647 2065 flavo,

133 2094 205 2152 olim
214 2096 345 2151 iuventas
355 2103 382 2151 et
394 2094 501 2167 patrius
512 2095 590 2169 vigor

133 2171 204 2227 nido
213 2170 340 2227 laborum
350 2169 475 2243 propulit
487 2170 619 2235 inscium,

174 2247 321 2319 vernique.
333 2247 391 2302 iam
399 2244 505 2301 nimbis
515 2247 638 2310 remotis,

209 2322 339 2378 insolitos
348 2321 558 2379 docueramus

133 2416 212 2471 venti
221 2423 385 2488 paventem,
397 2430 462 2471 mor
474 2415 504 2469 in
513 2414 599 2471 ovilia

134 2490 250 2547 demisit
260 2491 367 2547 hostem
380 2489 496 2547 vividus
506 2490 638 2562 impetus,

174 2583 249 2622 nunc
259 2567 289 2622 in
300 2566 467 2623 reluctantes
476 2565 610 2622 dracones

210 2642 269 2717 egit
278 2660 354 2699 aanor
364 2642 445 2716 dapis
456 2651 539 2715 atque
549 2658 674 2715 pugnae,

135 2734 286 2809 qualemve
301 2735 382 2792 lautia
394 2752 493 2808 caprea
506 2734 619 2808 paeonia

135 2811 244 2868 intenta
256 2810 350 2868 lulvae
360 2812 457 2867 matris
468 2811 503 2866 ab
512 2809 598 2866 ubere

134 2888 260 2945 llouartee
679 2881 699 2936 tt
