2159 3150
193 253 195 257 ·
249 290 297 342 {88
484 294 753 341 saulmerium

245 394 347 450 llumen
359 404 390 449 ut
400 394 561 458 hibernum,
575 393 725 465 ferturque
736 412 796 448 rara
807 394 928 448 securis.

191 527 198 543 ,
244 474 313 528 Tum
324 472 518 525 Praenestinus
528 471 602 524 salso
613 470 754 540 multoque
765 468 861 523 fluenti

244 565 375 619 expressa
387 546 500 600 arbusto
511 547 614 619 regerit
625 546 761 607 convicia,
773 544 861 599 durus

189 634 215 679 tt
244 622 430 677 vindemiator
439 630 466 676 et
477 623 610 683 invictus,
623 622 667 675 cui
680 638 762 692 saepe
774 621 863 674 viator

244 700 382 760 cessisset,
397 714 497 769 magna
509 697 679 769 compellans
690 714 756 750 voce
766 697 911 749 cuculum,

244 777 279 831 At
289 776 421 836 Graecae,
433 782 581 845 postquam
593 782 635 827 est
645 773 711 827 ltalo
721 772 852 843 perfusus
863 780 953 835 aceto,

244 852 356 906 Persius
366 849 515 903 exclamat:
537 850 602 903 »Per
612 865 737 921 magnos,
749 849 840 910 Brute,
853 847 921 901 deos
933 856 961 901 te

245 945 320 990 noro,
333 927 382 997 qui
393 942 473 998 reges
483 928 625 980 consueris
636 924 742 987 tollere,
755 941 806 977 cur
815 940 869 977 non

188 1014 214 1059 tt
244 1004 333 1058 »huno
344 1003 446 1075 Regem
458 1000 588 1074 iugulas?
608 1000 729 1071 Operum
741 1000 803 1062 hoc,
820 998 1004 1062 mihicrede,

685 1085 796 1129 tuorum
806 1084 872 1128 est«
911 1090 914 1093 ’

453 1288 652 1367 serina
693 1307 775 1365 vni.

537 1453 706 1464 —u—-oe-

243 1548 322 1584 Induelt
330 1547 422 1590 Prienam
432 1548 553 1589 narrantem,
568 1546 731 1588 quemamodum
741 1546 814 1580 viderit
823 1544 926 1579 caninum
936 1544 1004 1587 ⁸²3⁸·

281 1621 364 1653 nemque
378 1613 399 1644 ln
414 1613 511 1656 sepulcris
524 1615 577 1646 erte·
588 1611 677 1653 megla-s
692 1615 820 1652 exercentes,
836 1613 856 1644 et
870 1610 1003 1652 quereum

248 1673 249 1677 ’
280 1687 314 1712 ese
323 1677 343 1710 ln
353 1677 420 1716 iugem
430 1677 546 1710 contecerit.

246 1749 326 1814 Olim
338 1766 453 1812 truncus
464 1775 538 1812 eram
550 1757 679 1819 liculnus,
692 1757 791 1811 inutile
802 1756 921 1829 lignum,
943 1795 948 1804 .

244 1852 331 1908 quum
339 1833 703 1902 laber,incertnsscamnum
710 1831 1000 1904 faceretnePriapum‚

244 1911 342 1966 maluit
352 1913 413 1964 'esse
423 1911 518 1964 deum.
548 1909 621 1964 Deus
631 1908 698 1962 inde
708 1925 769 1981 ego,
782 1907 874 1963 lurum
886 1909 1003 1963 avium-

684 2001 740 2056 que

173 2045 174 2050 ἵ
243 2062 363 2118 maxima
377 2059 509 2115 formido:
522 2077 586 2115 nam
597 2059 673 2114 iures
683 2060 897 2125 dextraooercet

189 2150 201 2195 t
242 2139 418 2208 obscenoque
429 2136 512 2191 ruber
523 2144 666 2209 porrectus
676 2136 712 2190 ab
723 2136 838 2208 inguine
848 2136 945 2206 palus:

246 2223 287 2268 ast
297 2214 469 2284 importunas
480 2213 609 2267 volucres
619 2213 647 2266 in
661 2213 764 2266 vertice
776 2211 882 2266 arundo

245 2298 329 2344 terret
339 2288 392 2342 fixa
405 2297 534 2360 vetatque
545 2288 625 2342 novis
636 2287 780 2342 considere
790 2288 820 2341 in
832 2287 943 2342 hortis.-

243 2367 304 2422 lluc
313 2365 391 2436 prius
403 2364 529 2437 angustis
540 2364 627 2418 eiecta
638 2362 772 2418 cadavera
782 2361 861 2417 cellis

244 2457 395 2498 conservus
405 2439 457 2494 vili
469 2439 602 2510 portanda
615 2439 722 2494 locabat
732 2441 762 2492 in
772 2456 844 2493 arca.
1016 2506 1020 2512 Ι

190 2527 216 2572 tt
244 2517 300 2570 Hoc
311 2517 428 2569 miserae
440 2514 516 2586 plebi
528 2516 618 2570 stabat
628 2531 774 2569 commune
787 2512 963 2585 sepulcrum,

246 2589 395 2645 Pantolabo
406 2607 517 2644 scurrae
527 2592 755 2662 Nomentanoque
765 2591 870 2662 nepoti.

246 2665 323 2722 lllille
336 2664 422 2735 pedes
433 2666 462 2719 in
474 2665 576 2729 fronte,
593 2676 729 2720 trecentos
742 2666 843 2737 cippus
857 2665 887 2719 in
899 2681 1001 2737 agrum
1061 2719 1065 2725 ,

246 2739 294 2794 hio
303 2739 396 2800 dabat,
411 2739 528 2794 heredes
539 2751 747 2797 monumentum
759 2748 980 2812 assequeretur.

246 2815 327 2870 Nune
338 2814 403 2868 licet
415 2815 557 2885 Exquiliis
563 2815 693 2885 'habitare
704 2816 866 2892 salubribus
877 2824 962 2886 atque
