2159 3150
353 286 431 331 ΗΒ.
450 287 470 331 1.
493 287 581 333 snT.
603 289 617 331 Ι.
807 285 851 338 {fii

109 384 252 441 delassare
263 385 355 441 valent
364 386 491 443 Fabium.
521 386 562 441 Ne
572 396 598 441 te
608 405 706 447 morer.
722 390 797 454 audi,

107 477 165 532 qun
175 476 234 515 rem
244 458 391 516 deducam.
411 460 516 532 Siquis
527 460 596 515 dena
607 463 660 516 »En
671 480 734 535 ego«
746 463 829 529 dicat,
882 479 909 523 tt

109 537 179 591 niam
194 534 292 590 faciam
304 536 378 608 quod
390 537 489 593 ruitis:
502 538 557 591 erie
568 546 607 599 tu,
619 538 668 607 qui
679 537 760 593 modo
770 539 859 605 mileo,

108 618 271 677 »mercatum
284 621 322 675 tu,
330 612 472 667 consultus
478 610 569 672 modo,
577 612 710 668 rusticus:
723 614 789 669 hinc
801 632 860 680 vce,

107 703 172 741 »vos
186 684 253 740 hinc
267 686 378 741 mutatis
391 684 526 741 discedite
537 685 672 757 partibus.
702 688 765 743 Eia!

107 760 192 831 »quid
203 759 312 815 stetini«
325 790 364 803 —
374 760 472 816 nolint.
502 761 585 831 Atqui
596 760 660 817 licet
670 778 732 817 esee
742 763 840 821 beatia.

105 834 181 901 Quid
192 852 292 890 causae
302 846 353 899 ert,
366 837 463 891 meritc
473 837 542 908 quin
553 835 610 891 illis
619 836 743 908 Iuppiter
754 839 848 895 ambae
879 850 905 893 ru

105 912 194 965 iratus
204 909 307 965 buccea
317 908 394 967 inflet
404 926 494 981 neque
507 928 537 965 sa
548 909 604 965 inre
618 911 731 981 pcarhm

105 994 162 1039 tam
174 983 283 1040 facilem
294 985 377 1051 dicat,
391 986 461 1042 rotie
472 994 503 1041 ut
512 984 641 1057 praebeat
651 985 763 1042 aurern?

106 1060 248 1115 Praeterea
259 1089 298 1102 -
307 1077 343 1115 ne
352 1062 402 1125 sic.
415 1060 504 1132 utqui
515 1060 658 1123 iocularia,
670 1060 764 1116 ridens

103 1151 265 1206 percurram
276 1135 452 1208 (quamquam
464 1134 598 1191 ridentem
610 1133 703 1190 dicere
714 1154 810 1193 verum

105 1209 177 1280 quid
188 1208 279 1265 vetat?
289 1219 320 1266 ut
329 1211 422 1283 pueris
432 1211 499 1266 oiim
511 1209 578 1265 dant
587 1211 709 1266 eructata
719 1212 814 1268 blandi
878 1225 904 1268 25

104 1284 241 1350 doctores,
254 1285 386 1342 elementa
398 1286 485 1341 velint
497 1296 526 1341 ut
536 1285 644 1340 discere
657 1287 769 1361 primn);

104 1358 155 1415 ned
166 1368 257 1415 tamen
267 1370 356 1416 amoto
368 1376 533 1433 quaeramus
543 1362 615 1415 aeria
627 1360 701 1415 iudo.

105 1434 164 1499 Ille.
176 1452 289 1507 gravem
298 1434 367 1491 duro
379 1445 478 1491 terram
488 1435 537 1507 qui
549 1435 630 1490 vertit
643 1444 740 1499 aratro,

106 1508 232 1565 fervidus
243 1510 288 1565 hic
299 1527 395 1584 campo
406 1510 496 1574 miles.
509 1519 663 1582 nautaeque
674 1527 722 1582 per
732 1528 812 1566 omne

104 1585 224 1641 audaces
235 1603 310 1642 mare
320 1587 369 1658 qui
382 1595 506 1648 currunt,
518 1585 570 1640 hac
579 1595 669 1640 mente
680 1586 801 1642 laborem
877 1597 904 1640 ac

104 1678 167 1715 aeae
179 1660 259 1723 ferre,
269 1677 349 1716 aenea
360 1665 427 1716 utin
438 1662 492 1717 otia
503 1669 561 1716 tuta
573 1660 710 1722 recedant,

104 1738 193 1796 aiunt.
206 1751 293 1806 quum
302 1736 358 1791 ribi
369 1738 425 1791 sint
435 1744 563 1809 congesta
574 1735 692 1790 cibaria:
709 1737 782 1791 eicut

105 1811 231 1882 parvula.
244 1828 306 1866 nam
317 1811 444 1882 exemplu
454 1820 504 1872 eat.
517 1811 610 1884 magni
623 1809 734 1865 formica
746 1810 848 1866 laberis

103 1902 151 1941 ore
162 1886 246 1941 trahit
256 1886 451 1957 quodcumque
460 1895 550 1958 potest
559 1895 641 1957 atque
649 1883 727 1940 addit
736 1901 843 1951 acervo,

103 1976 190 2032 quem
200 1961 291 2025 struit,
303 1959 376 2017 haud
388 1962 484 2034 ignara
494 1977 526 2016 ac
535 1977 589 2016 non
601 1960 710 2015 incauta
721 1959 818 2016 futuri.
877 1971 904 2015 us

104 2032 191 2102 Quae,
202 2035 287 2091 simul
298 2036 439 2092 inversum
449 2036 590 2092 contristet
598 2034 737 2107 Aquarius
748 2052 860 2100 annum,
956 2093 962 2106 ,

104 2127 159 2167 non
171 2127 290 2182 nequam
301 2111 422 2183 prorepit
432 2119 459 2166 et
469 2109 527 2167 iilis
538 2111 624 2165 utitur
636 2119 698 2165 ante

104 2186 241 2256 quaesitis
251 2186 376 2258 sapiens:
393 2202 480 2258 quum
490 2193 516 2242 te
527 2201 617 2257 neque
627 2183 751 2240 fervidus
762 2194 854 2241 uentus

104 2258 850 2334 demoveatlucm‚nequehiemmignis,mare.ferrum.

105 2335 144 2390 nii
156 2335 247 2392 obstet
259 2336 320 2400 tibi,
335 2335 402 2391 dum
416 2352 450 2392 na
460 2336 497 2391 ait
509 2344 535 2390 te
549 2335 633 2391 ditior
646 2335 724 2390 altar.
878 2343 904 2388 tc

103 2409 178 2476 Quid
189 2410 278 2475 iuvat,
289 2413 455 2466 immensum
466 2420 491 2466 ta
502 2411 608 2484 argenti
619 2409 727 2482 pondua
737 2419 764 2466 et
774 2411 834 2464 auri

105 2484 202 2540 furtim
216 2485 324 2541 defossa
336 2486 463 2541 timidum
475 2485 612 2558 deponere
623 2483 711 2540 terra‘?

141 2559 256 2627 Quodsi
267 2562 447 2625 comminuar,
464 2561 548 2616 vilem
559 2558 699 2633 redigatui
709 2560 744 2614 ad
754 2576 854 2614 asaem.

129 2635 200 2689 Atni
212 2634 563 2707 idfit‚quidhabetpulchri
569 2630 880 2690 constructuaacervuai

105 2709 195 2764 Millia
207 2709 336 2765 frumenti
346 2718 392 2766 tua
403 2710 511 2765 triverit
521 2726 582 2764 area
592 2717 713 2770 centum.
879 2718 907 2759 ae

105 2800 160 2840 nnn
173 2795 239 2840 tuuc
248 2784 299 2840 hcc
308 2785 398 2857 cupiat
409 2792 503 2841 venter
513 2784 577 2856 plue
588 2800 619 2838 ac
630 2798 721 2838 meuc:
734 2790 764 2836 ut
775 2781 799 2834 si

145 2860 282 2916 florinus.
678 2856 698 2910 1.
