2159 3150
224 264 273 317 tm
463 268 755 314 sarmationi>

225 370 341 441 inquiet.
355 380 399 423 »ut
409 370 524 447 patiens,
539 380 569 423 ut
579 369 677 424 amicis
688 379 779 440 aptus,
796 378 827 423 ut
837 369 937 424 aceri«

223 445 319 500 Plures
334 444 476 500 adnabunt
489 445 600 509 thuani,
612 453 640 499 et
653 447 754 499 cetaria
765 455 900 500 crescent.

166 527 193 575 lt
217 520 252 575 Si
263 522 307 575 cui
319 529 458 597 praeterea
471 519 582 575 validus
593 520 665 575 male
675 520 751 575 filius
761 521 790 575 iu
804 538 834 575 rc

221 597 361 669 praeclara
372 595 499 651 sublatus
511 596 613 663 aletur3
629 614 664 652 ne
675 595 852 651 manifestum

223 672 338 727 caelibis
346 672 513 744 obsequium
525 671 611 726 nudet
620 680 656 734 te,
670 671 768 726 leniter
777 672 806 726 in
817 689 895 745 spem

221 747 323 821 adrepe
333 746 484 812 officiosus,
497 756 527 803 nt
538 757 565 803 et
575 748 697 802 scribare
707 748 847 802 secundus

221 824 312 889 heres,
325 831 360 885 et.
373 824 397 877 si
408 824 472 895 quis
483 841 564 879 casus
576 840 692 895 puerum
703 824 791 895 egerit
801 822 880 887 Orco,

165 911 191 954 50
221 902 250 954 in
261 916 380 954 vacuum
391 900 501 954 venias:
514 916 626 970 perraro
637 898 705 954 haec
716 900 775 953 alea
788 898 869 953 lallit.

221 974 273 1042 Qui
285 982 479 1030 testamentum
491 974 580 1029 tradet
590 974 641 1029 tihi
654 992 773 1047 cumque
784 974 945 1047 legendum,

220 1050 342 1105 abnuere
353 1060 379 1105 et
388 1049 497 1106 tabulas
507 1068 521 1106 a
533 1060 560 1105 te
571 1067 712 1106 removere
725 1060 872 1115 memento,

220 1127 261 1181 sic
271 1136 373 1190 tamen,
386 1135 416 1181 ut
427 1126 503 1181 limis
514 1128 616 1199 rapias,
628 1126 698 1198 quid
708 1127 798 1197 prima
808 1126 932 1182 secundo

220 1220 281 1257 cera
292 1201 361 1257 velit
370 1219 467 1269 versu3
490 1201 567 1257 solus
578 1202 711 1257 multisne
721 1201 845 1266 coheres,

163 1288 189 1332 55
218 1278 308 1333 veloci
318 1294 448 1349 percurre
458 1277 549 1333 oculo.
581 1278 747 1349 Plerumque
762 1287 886 1333 recoctus

219 1353 310 1408 scriba
321 1371 356 1409 ex
366 1354 554 1425 quinqueviro
566 1370 679 1407 corvum
691 1351 806 1408 deludet
819 1353 955 1418 hiantem,

218 1439 395 1502 captatorque
404 1428 483 1485 dabit
492 1430 567 1484 risus
578 1430 677 1483 Nasica
688 1428 803 1485 Corano.

216 1524 283 1562 unu.
294 1506 367 1559 Num
378 1504 457 1570 luris,
469 1522 504 1560 an
514 1503 639 1578 prudens
650 1503 725 1559 ludis
735 1522 780 1558 me
792 1504 911 1561 obscura
921 1523 971 1561 ca-

660 1579 768 1636 nendo?
946 1624 948 1633 .

218 1654 967 1728 ru.0Laertiade‚quidquiddicam‚auteritautnon:

160 1743 188 1787 ct
218 1731 346 1787 divinare
355 1732 457 1786 etenim
468 1749 587 1805 magnus
600 1732 671 1787 mihi
685 1731 768 1787 donat
780 1731 890 1804 Apollo.

216 1826 282 1863 uun.
291 1805 364 1874 Quid
375 1816 466 1862 tamen
478 1808 529 1863 ista
540 1807 609 1863 velit
617 1807 895 1874 sibilabula,silicet.
903 1808 967 1865 ede.

216 1902 265 1938 ua.
278 1885 423 1955 Tempore,
434 1900 489 1956 quo
500 1883 612 1938 iuvenis
622 1883 731 1938 Parthis
743 1883 911 1948 horrendus,
931 1883 968 1938 ab

661 1959 716 2014 alto

217 2033 370 2090 demissum
381 2051 470 2108 genus
480 2036 582 2099 Aenea,
594 2034 694 2089 tellure
703 2036 831 2106 marique

217 2127 335 2184 magnus
350 2111 410 2175 erit,
423 2111 486 2166 lorti
497 2110 583 2165 nubet
593 2127 706 2181 procera
717 2110 822 2166 Corano

161 2195 187 2240 65
216 2185 273 2240 lilia
284 2187 409 2249 Nasicae,
422 2187 571 2242 metuentis
581 2185 698 2241 reddere
709 2185 830 2241 soldum.
892 2216 895 2219 ·

218 2264 287 2317 Tum
298 2279 383 2336 gener
395 2262 446 2317 hoc
457 2261 554 2317 laciet:
566 2261 676 2317 tabulas
686 2261 967 2334 socerodabitatque‚

217 2347 248 2393 ut
258 2338 340 2412 legat,
356 2337 455 2394 orabit.
489 2337 607 2392 Multum
618 2339 718 2392 Nasica
730 2346 842 2410 negatas

210 2415 334 2485 accipiet
344 2413 465 2478 tandem,
477 2422 504 2468 et
514 2413 615 2468 tacitus
626 2413 708 2486 leget,
720 2413 901 2484 invenietque

216 2489 255 2544 nil
266 2489 321 2544 sibi
333 2489 453 2562 legatum
468 2499 577 2560 praeter
586 2489 693 2560 plorare
704 2490 830 2560 suisque.

160 2575 187 2617 to
216 2564 290 2618 lllud
300 2563 335 2619 ad
345 2564 414 2618 haec
424 2564 521 2619 iubeo:
534 2564 637 2620 mulier
647 2566 671 2619 si
684 2565 752 2620 lorte
763 2564 857 2620 dolosa

216 2638 369 2693 libertusve
378 2657 473 2694 senem
484 2640 603 2694 delirum
614 2650 757 2712 temperet,
770 2640 828 2697 illis

217 2713 332 2768 accedas
343 2715 450 2782 socius;
465 2715 571 2777 laudes,
584 2715 706 2770 lauderis
718 2725 748 2770 ut
758 2715 870 2771 absens.

215 2787 395 2845 Adiuvathoc
404 2806 524 2862 quoque,
532 2791 581 2845 sed
592 2792 680 2846 vincit
691 2792 772 2864 longe
782 2793 861 2864 prius
872 2792 973 2864 ipsum
