2159 3150
525 285 711 330 ODARUli

486 515 511 575 0
533 516 559 574 D
579 515 605 574 E
624 563 627 568 .
646 516 763 575 XXlll.

501 631 544 672 en
558 631 736 673 nmnunnu.

241 871 363 908 mini·
371 877 427 913 een,
441 877 467 904 ne
476 875 559 911 nunu
567 867 644 903 nullu
651 867 753 904 imum
759 869 845 913 unuin.
863 871 911 912 qut·
925 872 1003 907 tenuis

270 935 330 970 etim
338 931 398 977 dene,
407 931 426 968 nl
433 941 485 977 pm
491 933 559 968 nent·
566 931 681 976 etanta.
691 933 738 968 tim
747 933 834 978 ,bem
845 935 902 970 liter.
911 936 966 970 xvi.

280 1022 368 1086 Caelo
377 1030 493 1102 enpinen
503 1029 528 1084 ei
538 1027 637 1086 tulerie
650 1045 749 1085 menne

280 1113 410 1162 nascente
420 1106 507 1169 Luna,
518 1105 621 1160 rustice
632 1105 760 1179 Phidyle,

318 1183 343 1236 si
357 1179 438 1236 thure
450 1179 570 1251 pluentis
580 1189 607 1234 et
617 1179 702 1235 horne

353 1255 433 1328 fruge
442 1256 525 1309 Lares
536 1254 674 1326 uvidaque
686 1271 780 1326 poree,

280 1364 331 1402 nec
340 1347 514 1418 pestilentem
523 1346 625 1401 sentiet
634 1345 758 1402 Africum

280 1421 399 1477 fecunde
409 1422 485 1484 vitis,
497 1437 549 1476 nec
558 1420 681 1476 sterilem
693 1438 772 1494 seges

318 1495 474 1567 robiginem
484 1504 530 1550 eut
544 1495 640 1559 dulces
650 1495 755 1550 elumni

352 1569 486 1642 pomifero
495 1579 792 1644 gravetempnsenno.

277 1664 346 1718 Nem
358 1678 430 1733 qnae
443 1659 531 1717 ni'vnli
542 1664 665 1743 peseitur
675 1662 776 1736 Algido

278 1737 377 1792 devote
390 1754 510 1807 quercus
520 1739 592 1792 inter
602 1746 629 1793 et
640 1736 719 1792 ilices

315 1819 363 1867 eut
371 1812 471 1867 erescit
483 1812 600 1868 Albanis
610 1813 639 1867 in
651 1812 745 1867 herbis

349 1887 473 1951 victime.
484 1886 647 1942 Pontificum
659 1904 770 1942 secures

276 1980 385 2033 cervice
395 1978 493 2049 tinget.
532 1976 570 2033 'le
585 1978 655 2033 nihil
670 1978 766 2034 attinet

276 2060 379 2108 tentare
391 2053 477 2108 multa
486 2051 570 2107 ceede
586 2050 740 2108 bidentium

183 2139 208 2181 15
313 2144 412 2199 parvos
426 2136 600 2182 noronentem
612 2128 717 2181 marino

347 2219 407 2257 rore
421 2201 486 2256 deos
501 2200 650 2275 fragilique
664 2211 762 2275 myrto.

273 2293 408 2348 Immunie
418 2310 492 2348 erem
506 2293 530 2347 si
542 2294 633 2367 tetigit
643 2310 750 2355 munus,

274 2384 329 2423 non
339 2375 481 2422 sumtuosa
491 2367 621 2423 blandior
630 2366 720 2422 hostia

312 2443 431 2498 mollivit
441 2460 551 2498 eversos
560 2444 675 2498 Penates

180 2527 206 2570 2⁰
349 2516 419 2572 inire
430 2519 477 2588 pio
487 2527 514 2572 et
523 2517 639 2573 saliente
650 2518 732 2571 mica.
