2159 3150
223 302 269 353 atti
324 320 327 327 ·
455 310 720 355 cantuarium

219 415 247 463 et
259 409 374 463 llossala
386 408 510 463 videris‘l
528 411 562 463 Aa
574 409 632 468 hic.
650 411 672 463 si
686 411 788 482 plostra
800 411 919 466 ducenta
942 468 946 474 ,

223 495 441 555 concurrantque
453 484 510 539 loro
521 488 571 539 tria
584 485 688 548 lunera,
704 504 802 559 magna
813 488 934 551 sonabit,

221 559 969 631 cornuaquodvincatquetubas:saltemtenethocnoa.

126 668 129 675 =
166 644 192 691 lt
221 634 335 708 illunc
347 634 379 688 nd
392 653 435 689 me
446 634 528 690 redeo
540 636 754 708 libertinopatre
765 649 869 701 natum,

223 728 305 782 quem
318 710 417 765 rodunt
427 728 522 771 omnes
533 715 653 765 libertino
661 722 737 779 patre
746 723 844 775 notant,

223 804 309 848 nunc,
322 787 387 856 qaia
398 787 451 841 sim
462 787 529 851 tibi,
541 788 697 850 Maecenas,
712 789 866 851 convictor,
882 798 910 843 at

223 864 227 871 '
659 862 736 925 olim,

220 936 294 1008 quod
307 935 375 990 mihi
388 947 494 1006 pareret
504 938 577 1010 legio
587 938 707 993 llomana
717 938 838 993 tribuno.

220 1012 360 1066 Dissimile
372 1011 423 1065 hoc
433 1011 476 1065 illi
486 1023 542 1076 est,
554 1015 619 1084 quia
631 1031 694 1075 non.
708 1024 737 1068 ut
747 1013 825 1068 forsit
834 1013 968 1069 honorem

164 1098 189 1141 ευ
221 1088 280 1142 iure
292 1087 361 1141 mihi
373 1087 497 1143 invideat
507 1090 611 1159 quivis,
628 1090 664 1143 ita
675 1097 701 1142 te
710 1106 821 1159 quoque
832 1090 966 1153 amicum,

219 1164 380 1233 praesertim
392 1171 501 1217 cautum
516 1164 616 1236 dignos
626 1164 877 1236 adsumeretprava

221 1238 371 1292 ambitione
382 1239 489 1309 procul.
518 1239 638 1293 Felicem
650 1239 742 1293 dicere
754 1257 807 1294 non
820 1240 872 1294 hoc
928 1250 933 1259 '

221 1331 264 1367 me
274 1314 389 1384 possim,
400 1330 466 1367 casu
475 1315 551 1385 quod
562 1324 589 1369 te
597 1317 710 1370 sortitus
721 1317 851 1369 amicum.

219 1388 300 1443 Nulla
311 1390 412 1443 etenim
423 1388 492 1443 mihi
504 1399 530 1443 te
541 1390 596 1444 lors
605 1390 718 1456 obtulit3
735 1392 857 1461 optimus
866 1390 935 1445 olim

219 1463 363 1536 Virgilius,
377 1474 438 1534 post
448 1464 522 1519 hunc
533 1466 632 1519 Varius
642 1465 738 1519 diacre
751 1466 819 1537 quid
830 1483 932 1520 essem.

219 1539 253 1595 Ut
266 1540 330 1594 veni
342 1556 443 1604 corana,
455 1541 600 1614 singultim
612 1558 700 1613 pauca
711 1541 841 1613 loquutus
852 1570 889 1584 —

220 1614 311 1669 infans
321 1633 439 1687 namque
450 1617 539 1688 pudor
550 1617 715 1689 prohibebat
725 1617 804 1688 plura
815 1617 917 1689 profari
929 1647 969 1659 -

220 1706 273 1744 non
285 1707 335 1763 ego
347 1709 389 1744 me
401 1692 474 1746 claro
488 1701 582 1747 natum
597 1701 683 1764 patre,
696 1709 750 1747 non
760 1709 811 1766 ego
821 1694 927 1747 circum

219 1783 262 1820 me
274 1765 435 1821 Satureiano
448 1770 548 1822 vectari
561 1786 623 1822 rura
633 1767 751 1830 caballo,

217 1840 281 1903 sed,
296 1841 371 1912 quod
385 1861 474 1905 eram,
497 1860 587 1898 narro.
618 1841 790 1914 Respondes,
808 1852 839 1897 ut
849 1853 913 1897 tuus
924 1852 968 1898 est

656 1935 724 1981 mos,

218 2008 319 2062 pauca:
336 1991 417 2050 abeo;
434 2003 578 2048 etrevocas
585 2003 821 2065 nonopostmense
828 1993 967 2064 iubesque

220 2083 280 2120 esse
292 2068 320 2120 in
332 2070 480 2122 amicorum
494 2086 618 2124 numero.
630 2071 759 2142 Magnum
767 2068 966 2140 hocegoduoo,

217 2141 292 2212 quod
303 2142 396 2212 placui
410 2143 475 2206 tibi,
488 2146 536 2214 qui
551 2145 625 2216 turpi
635 2145 756 2199 secernis
769 2145 914 2197 honestum

218 2232 271 2270 non
284 2226 360 2287 patre
370 2219 519 2289 praeclaro,
532 2220 581 2274 sed
595 2221 649 2274 vita
660 2231 686 2273 et
698 2230 805 2290 pectore
817 2234 897 2289 puro.

179 2303 186 2326 f
219 2291 303 2362 Atqui
315 2293 338 2346 si
353 2294 429 2348 vitiis
441 2295 628 2349 mediocribus
639 2313 670 2348 ac
680 2313 739 2348 mea
751 2297 848 2366 paucis

219 2367 349 2422 mendosa
361 2379 402 2422 est
412 2380 517 2428 natura,
533 2371 636 2441 alioqui
648 2381 719 2424 recta
730 2400 767 2412 -
777 2369 853 2423 velut
864 2371 887 2422 si

220 2443 331 2515 egregio
341 2445 481 2514 inspersos
496 2445 681 2517 reprehendas
692 2462 803 2517 corpore
815 2462 917 2500 naevos
926 2475 968 2488 -

219 2519 243 2570 si
254 2535 343 2588 neque
354 2520 495 2573 avaritiam
507 2539 598 2592 neque
609 2522 704 2575 sordes
714 2531 760 2574 ant
772 2519 842 2582 mala
854 2520 939 2574 lustra

219 2590 333 2664 obiiciet
345 2597 566 2666 veroquisquam
578 2595 662 2661 minu
677 2613 765 2666 purus
776 2605 802 2648 et
812 2595 908 2648 insons
918 2625 958 2638 -

162 2674 189 2718 πο
220 2673 250 2719 ut
261 2683 303 2719 me
315 2667 467 2722 collaudem
478 2700 516 2712 -
525 2673 549 2724 si
561 2680 587 2725 et
598 2673 663 2724 vivo
673 2688 753 2724 carus
764 2670 875 2723 amicis:

219 2755 300 2793 causa
313 2741 365 2793 luit
376 2753 451 2811 pater
463 2744 515 2801 his.
528 2747 578 2816 qui
589 2763 681 2800 macro
690 2762 797 2816 pauper
806 2744 896 2818 agello

218 2814 308 2867 noluit
321 2818 347 2867 in
361 2816 436 2869 Flavi
449 2817 545 2872 ludum
557 2837 600 2872 me
614 2822 731 2880 mittor-c,
745 2821 836 2887 magni
