2159 3150
238 291 272 343 tt
523 292 709 339 ODARUM

276 394 406 451 Fecunda
416 393 515 464 culpae
528 393 622 448 aeoula
634 394 745 464 nuptias

276 474 398 543 primum
412 469 596 540 inquinavere
608 478 635 522 et
644 485 733 540 genus
744 476 770 524 et
780 467 893 527 domest

313 546 365 600 lroo
377 543 451 599 fonte
461 543 585 599 derivata
595 542 690 598 clades

350 621 380 674 in
392 620 508 690 patriam
520 619 712 691 populumque
726 616 817 686 linxit.

275 716 364 769 llotus
379 711 471 766 doceri
482 709 587 784 gaudet
596 711 703 766 lonioos

274 797 380 843 matura
393 788 472 859 virgo
483 795 510 842 et
521 785 636 858 lingitur
646 785 753 840 artibus
850 815 854 822 ·

312 865 368 918 iam
379 878 454 916 nuno
467 870 494 916 et
504 862 625 916 incestos
638 877 744 916 amores

348 937 383 991 de
395 946 488 991 tenero
498 935 649 990 meditatur
659 936 759 1008 ungui.

271 1049 335 1103 blox
349 1047 472 1100 iuniores
482 1047 592 1116 quaerit
606 1044 745 1100 adulteros

273 1123 346 1177 inter
357 1122 448 1175 mariti
462 1122 542 1187 vina;
566 1137 656 1192 neque
670 1120 758 1193 eligit,

311 1197 357 1252 oui
368 1195 451 1251 donet
465 1196 641 1267 impermissa
653 1196 753 1267 raptim

345 1271 448 1345 gaudia
459 1269 615 1326 luminibus
628 1271 754 1337 remotis;

271 1380 321 1436 sed
330 1382 407 1435 iussa
419 1397 508 1435 coram
521 1396 575 1434 non
586 1380 648 1434 sine
661 1380 771 1434 conscio

269 1457 360 1529 surgit
371 1457 478 1518 marito,
491 1472 541 1509 seu
554 1462 633 1509 vocat
644 1455 762 1518 institor,

310 1549 360 1587 seu
375 1532 455 1586 navis
466 1531 605 1602 Hispanae
619 1531 760 1603 magister.

343 1606 510 1661 dedecorum
523 1607 662 1677 pretiosus
677 1614 774 1660 emtor.

269 1717 328 1770 Non
339 1716 384 1770 his
394 1717 525 1769 iuventus
539 1724 597 1769 orta
608 1715 770 1786 parentibus

268 1790 366 1846 iniecit
376 1807 479 1862 aequor
488 1790 625 1863 sanguine
636 1789 749 1854 Punico,

306 1865 500 1939 Pyrrhumque
513 1875 540 1920 et
551 1867 693 1938 ingentem
703 1864 805 1920 cecidit

340 1940 509 1995 Antiochum
520 1940 761 2012 Hannibalemque
772 1940 888 2009 durum3
983 1940 986 1943 ’

268 2048 318 2104 sed
329 2052 495 2104 rusticorum
506 2050 630 2104 mascula
645 2049 767 2105 militum

270 2125 372 2196 proles,
386 2124 507 2179 Sabellis
518 2124 598 2180 doota
610 2124 752 2198 ligonibus

305 2217 415 2254 versare
426 2200 523 2273 glebas
534 2209 562 2255 et
571 2216 684 2255 severae

344 2276 439 2330 matris
449 2275 484 2329 ad
497 2275 644 2330 arbitrium
656 2274 760 2330 recisos

264 2391 373 2454 portare
384 2383 481 2446 fustes,
496 2384 537 2439 sol
549 2384 599 2439 ubi
610 2386 746 2439 montium

266 2466 385 2513 mutaret
395 2459 508 2513 umbras
522 2468 549 2514 et
560 2460 625 2532 iuga
636 2458 760 2513 demeret

303 2531 394 2587 bobus
405 2532 541 2606 fatigatis,
554 2534 676 2589 amioum

338 2615 449 2678 tempus
460 2625 545 2679 agens
557 2608 675 2663 abeunte
686 2624 780 2661 curru.

261 2714 397 2767 Damnosa
408 2713 478 2784 quid
489 2731 544 2769 non
555 2716 698 2770 imminuit
711 2712 790 2770 diest

264 2786 347 2841 Aetas
358 2797 512 2858 parentum,
523 2790 602 2859 peior
612 2791 682 2854 avis,
698 2788 762 2844 tulit
