2159 3150
392 282 528 327 LIBER
561 282 603 326 111.

156 389 270 447 Virtus,
283 383 412 455 repulsae
423 383 517 437 neseis
529 381 669 446 sordidae,

158 460 336 518 intaminatis
347 459 439 532 fuiget
448 457 614 520 honeribus,

198 552 251 590 nee
261 535 348 589 sumit
358 542 406 588 aut
415 535 496 605 ponit
506 550 618 588 secures

238 609 352 665 arbitrio
362 609 507 681 popularis
518 625 612 664 aurae.

157 705 267 766 Virtus,
280 701 430 756 recludens
437 701 588 756 immeritis
597 701 667 756 muri

82 821 89 828 .
159 778 281 841 coelum,
294 787 393 850 negata
404 785 492 831 tentat
501 777 554 830 iter
563 777 620 838 via.

199 861 351 924 coetusque
362 851 494 925 vulgares
509 860 536 906 et
547 851 632 906 udam

236 928 344 1001 spernit
353 927 470 982 humum
482 925 608 999 fugiente
618 943 720 998 penna.

158 1022 211 1076 Est
221 1029 248 1075 et
260 1019 337 1074 fideii
348 1028 406 1074 tuta
416 1019 529 1074 silentio
910 1029 937 1076 αι

159 1113 278 1151 meroes.
319 1095 434 1159 Vetabo,
447 1095 497 1166 qui
509 1093 618 1149 Cereris
628 1111 740 1150 sacrum

200 1171 325 1245 vulgarit
335 1187 460 1234 arcanae,
473 1167 527 1223 sub
538 1168 630 1224 isdem

235 1246 272 1301 sit
283 1244 410 1300 trabibus
421 1245 586 1319 fragilemve
596 1258 706 1299 meeum

159 1339 253 1394 solvat
263 1338 408 1409 phaselon.
449 1336 538 1409 Saepe
553 1336 691 1409 Diespiter
717 1343 718 1348 ’

160 1414 309 1487 neglectus
322 1415 428 1468 incesto
439 1411 549 1468 addidit
558 1414 711 1485 integrum.
910 1422 938 1468 tt

200 1491 272 1545 Raro
284 1487 493 1544 antecedentem
503 1487 653 1542 scelestum

238 1563 363 1621 deseruit
373 1563 445 1637 pede
455 1581 544 1635 poena
556 1561 666 1619 claudo.

397 1807 423 1867 0
445 1807 516 1867 DE
558 1806 610 1866 ΙΙΙ.

283 1930 327 1969 en
342 1928 521 1970 censensu
533 1928 724 1969 eunusrma

118 2170 199 2213 Deest,
217 2168 262 2203 aot·
275 2168 350 2203 virtute
363 2170 384 2203 et
396 2168 435 2203 tata
449 2178 509 2211 quum
522 2168 600 2211 priores
612 2166 709 2211 populos,
725 2168 767 2201 tum
783 2166 882 2203 Banna

158 2242 245 2275 moa
258 2232 363 2275 naemu
376 2232 451 2274 metm
467 2231 603 2267 manutenete
618 2232 689 2267 nonme
702 2232 827 2267 muralem
836 2232 883 2267 otta

159 2296 281 2340 concidisse,
290 2306 397 2339 umquem
406 2296 556 2331 lnatsnrnndsm
565 2296 591 2331 sb
600 2295 701 2331 Remmia.
725 2295 784 2332 letr.
793 2296 846 2332 m.

161 2386 275 2451 lustum
287 2412 319 2450 ee
327 2403 452 2450 tenacem
466 2394 602 2467 propositi
613 2394 706 2449 virum

162 2489 218 2526 nou
230 2472 337 2527 eivium
348 2470 430 2525 arder
439 2487 524 2541 prava
535 2469 704 2534 iubentium,

202 2564 259 2601 non
270 2546 367 2602 vultus
377 2546 507 2601 instantis
518 2545 629 2619 tyranni

238 2631 331 2677 mente
342 2622 431 2694 quatit
441 2620 542 2684 solide,
559 2635 650 2692 neque
661 2619 771 2685 Auster,

162 2713 224 2768 dux
234 2714 356 2785 inquieti
367 2712 499 2768 turbidus
509 2712 638 2776 Hadriae,

162 2806 216 2843 nee
227 2788 403 2844 fulminantis
415 2804 516 2860 magua
527 2804 626 2842 manus
636 2786 722 2842 Iovis.
