2159 3150
234 269 284 321 256
444 273 766 317 EPISTULARUM

235 373 323 446 frigus
335 372 455 444 collegit,
469 371 563 426 furnos
577 382 604 425 et
613 372 711 427 balnea
725 371 828 436 laudat,

235 456 266 502 ut
277 447 438 502 fortunatam
452 447 531 516 plene
543 447 708 517 praestantia
720 447 818 514 vitam3

180 535 205 578 ¹5
232 540 291 584 nec,
304 524 328 576 si
340 533 365 576 te
378 522 488 575 validus
500 523 642 576 iactaverit
652 522 752 577 Auster
762 523 791 576 in
803 522 866 586 alto,

236 597 340 650 idcirco
352 613 448 650 navem
460 607 534 651 trans
546 598 684 668 Aegaeum
696 614 770 651 mare
781 597 896 652 vendas.

233 672 367 726 Incolumi
378 671 487 726 Rhodos
499 681 525 726 et
535 672 666 745 Mitylene
676 670 792 742 pulchra
804 671 879 735 lacit,
890 670 968 742 quod

236 745 352 818 paenula
363 747 490 808 solstitio,
506 756 659 817 campestre
670 746 813 803 nivalibus
822 748 908 810 auris,

234 839 283 894 per
294 821 419 875 brumam
431 820 549 885 Tiberis,
566 822 666 877 Sextili
678 839 773 879 mense
786 822 923 876 caminus.

178 911 205 954 itt
234 887 304 954 de
316 900 380 953 licet
391 915 421 952 ac
432 898 539 951 vultum
551 906 643 952 servat
654 898 771 952 Fortuna
782 896 946 968 benignum,

234 977 332 1029 Rornae
344 973 471 1028 laudetur
484 971 580 1027 Samos
590 972 705 1028 etChios
716 971 858 1027 etRbodos
868 969 983 1024 absens.

233 1051 284 1112 Tu,
299 1064 503 1120 quamcumque
514 1047 584 1102 deus
594 1047 645 1102 tibi
658 1046 839 1101 fortunaverit
850 1045 956 1107 horam,

235 1132 309 1198 grata
324 1140 402 1177 sume
414 1140 506 1186 manu,
520 1140 574 1176 neu
584 1121 678 1177 dulcia
688 1121 769 1176 diller
778 1122 807 1175 in
822 1138 925 1174 annum

235 1207 274 1264 ut,
290 1215 465 1270 quocumque
477 1199 535 1252 loco
547 1197 643 1261 lucris,
657 1199 762 1251 vixisse
774 1196 892 1252 libenter

179 1286 205 1328 25
236 1273 361 1328 redicas:
376 1291 438 1327 nam
450 1274 473 1326 si
485 1272 592 1327 ratioet
605 1272 751 1344 prudentia
762 1289 852 1333 curas,

236 1366 288 1404 non
300 1348 385 1413 locus,
398 1347 478 1402 effusi
491 1348 543 1402 late
554 1349 639 1402 maris
649 1347 761 1410 arbiter,
777 1347 880 1411 aulert;

233 1424 353 1486 coelum,
374 1441 427 1478 non
448 1423 586 1484 animum,
609 1431 727 1485 mutant,
749 1421 799 1492 qui
814 1431 889 1476 trans
904 1437 982 1474 mare

672 1505 797 1551 currunt.

234 1572 350 1628 Strenua
361 1590 410 1627 nos
421 1582 530 1627 exercet
540 1572 653 1626 inertia:
670 1571 789 1626 navibus
803 1578 885 1641 atque

233 1647 689 1720 quadrigispetimusbenevivere.
701 1646 778 1711 Quod
786 1646 866 1716 petis,
874 1645 921 1699 bic
927 1654 980 1709 est,

179 1734 205 1775 at
236 1734 277 1777 est
288 1723 407 1783 Ulubris,
420 1724 528 1776 animus
539 1722 564 1776 si
576 1731 602 1776 te
613 1738 665 1775 non
677 1721 770 1775 delicit
780 1737 895 1791 aequus.

415 1925 682 1987 EPISTOLA
723 1926 791 1984 ΧΗ.

495 2045 543 2083 AD
566 2043 715 2084 lOCIUM.

233 2248 293 2282 Plura
306 2257 383 2291 semper
395 2248 507 2291 cuplsnlem
520 2248 621 2289 noman,
634 2246 739 2279 aldamum
749 2245 811 2288 putu
819 2244 907 2286 stantun
919 2244 982 2279 Gros-

353 2311 413 2355 pbmn
422 2311 544 2345 commendat
552 2310 616 2351 deque
624 2310 684 2343 rebus
693 2308 775 2342 urbanis
784 2308 860 2342 scribit.

234 2384 385 2446 Fructibus
396 2390 534 2463 Agrippae
549 2388 661 2453 Siculis,
673 2406 744 2460 quos
754 2388 873 2461 colligis,
885 2388 953 2452 loci,

233 2468 340 2520 sirecte
355 2464 464 2529 frueris,
477 2482 529 2519 non
540 2472 581 2517 cst
591 2475 621 2519 ut
631 2465 710 2533 copia
721 2464 808 2517 maior

236 2540 270 2594 ab
282 2542 345 2595 love
357 2540 452 2595 donari
462 2541 549 2611 possit
560 2538 622 2594 tibi.
656 2538 732 2592 Tolle
742 2537 883 2608 querelas:

232 2629 339 2685 pauper
352 2614 425 2667 enim
437 2623 551 2676 nonest,
563 2614 608 2667 cui
620 2630 711 2667 rerum
723 2612 846 2682 suppetit
857 2626 936 2664 usus.

179 2697 191 2739 5
234 2686 366 2742 sivestri
377 2688 456 2750 bene,
472 2689 496 2742 si
510 2688 586 2742 lateri
597 2696 638 2742 est
648 2686 824 2758 pedibusque
835 2686 900 2748 tuis,
914 2684 956 2739 nil

235 2760 349 2816 divitiae
360 2771 487 2832 poterunt
497 2762 603 2835 regales
615 2762 716 2817 addere
727 2761 827 2816 maius.
