2159 3150
386 290 522 334 LIBER
554 293 594 334 lll.

147 399 182 445 ut
190 397 249 444 tuto
261 387 298 444 ab
308 389 376 445 auis
386 405 499 462 corpore
511 391 616 461 viperis

146 465 300 534 dormirem
310 472 338 518 et
350 464 435 528 ursis,
449 474 481 520 ut
491 483 630 536 premerer
640 483 718 522 saera

189 539 324 610 lauroque
334 538 489 611 eollataque
500 550 599 613 myrto.

227 631 282 669 non
293 614 355 669 sine
365 614 410 669 dls
422 617 564 670 animosus
577 615 678 672 iulans.

149 725 257 787 Vester,
273 723 419 788 Camenae,
432 733 525 778 vester
535 726 563 778 in
576 725 676 780 arduos
726 771 729 776 .
789 739 792 746 ·

148 798 233 854 tollor
246 797 376 862 Sabinos,
391 816 442 853 seu
454 798 524 853 mibi
535 797 671 872 frigidum

190 874 335 928 Praeneste
344 891 395 928 seu
409 873 496 930 Tibur
506 875 640 946 supinum

225 965 277 1003 seu
287 948 414 1020 liquidae
427 948 558 1021 placuere
568 951 660 1005 Baiae.

147 1057 256 1114 Vestris
268 1059 390 1112 amicum
401 1057 525 1113 fontibus
536 1067 564 1114 et
578 1058 671 1114 choris

147 1149 260 1188 nonme
274 1132 413 1204 Philippis
424 1149 502 1188 versa
513 1133 588 1189 acies
598 1143 678 1200 retro,

188 1208 287 1266 devota
299 1225 353 1263 non
364 1208 499 1263 exstinxit
512 1208 603 1272 arbos,

224 1300 277 1338 nee
287 1282 382 1338 Sicula
396 1282 544 1338 Palinurus
558 1283 642 1338 unda.

146 1393 306 1462 Utcumque
322 1408 431 1447 meeum
442 1409 491 1447 vas
501 1392 591 1456 eritis,
607 1393 698 1448 libens

147 1469 335 1522 insanientem
347 1467 441 1523 navita
451 1467 603 1538 Bosporum

188 1541 299 1599 tentabo
310 1551 337 1597 et
349 1550 459 1598 urentes
470 1559 567 1598 arenas

226 1617 316 1673 litoris
327 1617 435 1691 Assyrii
447 1620 548 1685 viator;

146 1727 239 1781 visam
249 1727 394 1780 Britannos
404 1724 564 1798 hospitibus
575 1724 647 1780 ieros

146 1810 176 1856 et
186 1801 288 1856 laetum
299 1801 404 1871 equino
412 1801 550 1873 sanguine
562 1800 735 1867 Concanum

188 1878 277 1930 visam
288 1876 460 1947 pharetratos
470 1875 590 1932 Gelonos
798 1940 803 1949 .

222 1960 249 2005 et
258 1950 423 2025 Scythicum
435 1949 586 2006 inviolatus
596 1968 716 2005 aurnem.

148 2060 204 2117 Vos
217 2059 363 2116 Caesarem
374 2059 471 2122 altum,
484 2059 584 2114 militia
595 2059 679 2114 simul

146 2134 236 2192 fessas
246 2134 374 2190 eohortes
385 2133 509 2190 reddidit
518 2134 642 2206 oppidis,

186 2209 266 2266 finire
277 2218 457 2281 quaerentem
468 2208 586 2274 labores,

223 2286 315 2340 Pierio
325 2284 456 2340 recreatis
467 2291 556 2339 antro.

145 2385 203 2443 vos
215 2386 277 2441 lene
287 2385 437 2441 eonsilium
448 2393 475 2440 et
484 2384 557 2440 datis
568 2393 595 2440 et
605 2384 669 2439 dato

144 2460 287 2535 gaudetis,
299 2461 399 2516 almae.
440 2458 562 2524 Scimus,
576 2468 606 2514 ut
616 2460 717 2530 impios

186 2537 299 2592 Titanas
309 2536 516 2606 immanemque
526 2543 646 2590 turmam

225 2610 343 2667 fulmine
356 2612 502 2666 sustulerit
515 2610 631 2671 caduco,

143 2712 198 2784 qui
209 2719 309 2767 terram
320 2713 448 2775 inertem,
460 2712 510 2783 qui
522 2704 597 2765 mare
611 2718 744 2781 temperat

143 2795 295 2843 ventosum
305 2797 333 2843 et
344 2786 428 2843 urbes
437 2800 580 2860 regnaque
591 2784 689 2847 tristia,
