2159 3150
308 330 391 375 ΜΒ.
412 331 424 375 1
451 330 542 376 ΜΤ.
562 330 624 376 vlt.
797 324 844 377 {87

316 535 512 597 SATlRA
555 536 622 595 Vll.

384 700 552 709 ----

90 808 188 843 liuntur
207 809 252 843 rin
266 808 362 851 quaeum
375 808 429 843 inter
442 808 543 851 ttnptttum
555 808 629 849 Bam
642 812 662 843 et
675 808 766 844 Persium
780 820 847 847 eon·

196 869 266 911 Bruto,
275 870 380 911 reatuque
390 870 476 904 locatum
485 870 559 904 dotum
568 869 589 903 tn
598 870 741 906 adversarium.

89 942 247 1022 Proscripti
260 952 342 1023 Regis
353 951 447 1022 liupilt
460 968 511 1023 pus
522 960 604 1021 atque
616 968 754 1007 venenum

90 1026 213 1100 hybrida
227 1043 284 1097 quo
295 1037 374 1098 pacto
384 1028 421 1081 sit
431 1027 543 1081 Persius
557 1027 642 1090 ultus,
655 1030 753 1099 opinor

89 1100 223 1158 omnibus
234 1113 261 1157 et
272 1103 358 1174 lippis
369 1111 464 1156 notum
476 1112 502 1156 et
512 1103 671 1157 tonsoribus
682 1120 754 1159 esse.

90 1180 205 1233 Persius
216 1178 263 1233 hic
277 1195 427 1250 permagna
443 1180 552 1251 negotia
563 1179 644 1233 dives
656 1179 775 1235 habebat
839 1177 843 1184 ’

90 1254 276 1315 Clazomenis,
289 1256 371 1308 etianr
385 1254 449 1308 lites
458 1271 522 1308 cum
537 1254 608 1327 Rege
619 1255 762 1320 molestas;
888 1268 901 1311 t

90 1330 179 1386 durus
189 1330 359 1401 bcmoatque
370 1330 435 1384 odio
445 1331 494 1400 qui
507 1340 600 1400 posset
613 1332 842 1404 vincereliegem,

90 1406 235 1461 confidens
248 1406 444 1477 tumidusque,
457 1406 526 1460 adeo
536 1406 673 1459 sermonis
683 1408 780 1470 amari,

89 1482 235 1546 Sisennas,
247 1484 344 1536 Barros
356 1492 385 1536 ut
395 1483 475 1553 equis
486 1490 674 1553 praecurreret
686 1482 768 1537 albis.

88 1558 131 1615 Ad
142 1560 247 1632 Regem
259 1556 351 1613 redeo.
375 1558 519 1629 Postquam
534 1556 603 1612 nibil
616 1557 687 1612 inter
696 1569 845 1632 utrumque

88 1639 235 1699 convenit;
249 1667 287 1676 -
299 1636 349 1689 lroc
360 1635 463 1689 etenim
473 1643 538 1688 sunt
548 1651 645 1688 omnes
655 1635 717 1689 iure
727 1637 847 1701 molesti,
874 1648 901 1692 tt

87 1729 144 1783 quo
157 1712 251 1774 fortes,
263 1711 520 1783 quibusadversum
529 1710 633 1764 bellum
641 1710 757 1783 incidit:
773 1714 846 1768 inter

87 1789 204 1843 Hectora
212 1787 369 1842 Priamiden
377 1788 531 1841 animosum
539 1796 622 1856 atque
633 1787 844 1844 intardabillem

87 1865 130 1919 ira
145 1863 200 1918 luit
210 1863 349 1936 capitalis,
365 1872 395 1917 ut
406 1863 502 1918 ultima
515 1861 654 1917 divideret
663 1879 747 1928 mors,
787 1921 791 1927 ,

86 1957 143 1994 non
154 1940 240 1994 aliam
251 1940 287 1994 ob
297 1956 418 2001 causam,
431 1939 486 1993 nisi
497 1939 572 2010 quod
584 1939 674 1992 virtus
686 1940 714 1993 in
726 1949 844 2012 utroque

85 2033 198 2070 summa
210 2014 277 2082 luit;
301 2016 357 2069 duo
367 2014 392 2069 si
406 2014 545 2068 discordia
559 2023 639 2069 vexet
650 2015 762 2078 inertes,
873 2027 900 2073 rt

86 2102 135 2146 aut
146 2093 170 2146 si
184 2091 346 2162 disparibus
359 2090 463 2145 ballum
476 2090 589 2154 incidat,
603 2101 633 2145 ut
646 2090 771 2146 Diomedi

85 2185 151 2222 cum
167 2167 252 2240 Lycio
262 2167 376 2228 Glauco,
389 2166 514 2220 discedat
526 2167 640 2239 pigrior,
654 2166 724 2221 ultro

85 2243 256 2298 muneribus
269 2243 410 2296 missis-
421 2242 502 2296 bruto
512 2251 637 2313 praetore
649 2250 758 2298 tenente

86 2319 177 2374 ditem
189 2321 294 2382 Asiam,
312 2317 405 2390 Rupili
417 2328 444 2372 et
455 2317 529 2372 Persi
541 2336 591 2388 par
601 2328 721 2391 pugnat,
739 2322 779 2374 uti
790 2338 844 2375 non

84 2396 274 2466 compositum
287 2394 387 2449 melius
397 2411 460 2448 cum
471 2392 552 2448 Bitho
561 2393 707 2448 Bacchius.
738 2396 824 2450 lnius
871 2406 899 2452 tt

84 2487 165 2526 acres
175 2479 351 2542 procurrunt,
365 2487 496 2541 magnum
506 2469 695 2540 spectaculum
707 2480 834 2544 uterque.

83 2547 201 2602 Persius
214 2547 328 2616 exponit
336 2563 458 2607 causam,
475 2545 581 2601 ridetur
592 2546 626 2600 ab
637 2547 712 2600 omni

84 2631 238 2684 conventu,
254 2621 347 2677 laudat
356 2623 469 2676 brutum
482 2622 630 2694 laudatque
642 2622 796 2678 cohortem:

84 2699 175 2753 solem
187 2697 270 2752 Asiae
281 2698 394 2751 Brutum
406 2698 537 2768 appellat,
550 2698 701 2767 stellasque
714 2698 841 2754 salubres

84 2773 213 2847 appellat
224 2775 349 2834 comites,
366 2782 481 2844 excepto
494 2774 580 2844 liege3
595 2791 691 2827 canem
703 2773 794 2837 illum,
869 2783 897 2831 2⁸
983 2774 988 2784 ’

83 2851 213 2905 invisum
226 2849 355 2922 agricolis
365 2848 454 2909 sidus,
468 2849 593 2903 venisse:
606 2848 703 2901 ruebat
