2159 3150
311 303 390 346 LIB.
412 303 428 345 l.
459 303 601 346 liPlS‘l'.
622 305 668 348 lV.
689 306 719 348 V.
843 303 895 356 245

133 420 266 475 supremo
277 412 302 457 te
313 403 371 457 sole
382 401 468 466 domi,
481 403 628 474 Torquate,
644 405 772 469 manebo.

133 481 205 533 Vina
216 478 297 533 bibes
308 480 408 533 iterum
421 478 510 532 Tauro
521 477 623 534 diffusa
635 479 774 550 palustres

133 557 207 609 inter
218 555 374 611 Minturnas
388 551 648 626 Sinuessanumque
659 556 812 612 Petrinum.
936 574 948 618 s

134 629 185 684 Sin
198 629 299 684 melius
310 628 380 700 quid
392 627 488 691 hahes,
505 646 623 693 arcesse,
637 632 681 685 vel
693 632 843 702 imperium
857 635 908 692 ier.

132 704 299 760 Iamdudum
311 703 441 776 splendet
451 703 530 758 locus
542 715 569 760 et
579 705 631 760 tibi
643 706 748 761 munda
759 710 898 781 supellex.

131 781 210 836 Mitte
223 781 299 835 leves
312 797 377 852 spes
388 789 415 835 et
425 782 577 835 certamina
588 781 752 836 divitiarum

132 866 160 911 ct
171 855 279 911 Moschi
291 872 413 910 causam:
435 873 496 910 cras
508 867 572 911 nato
582 856 700 913 Caesare
714 858 800 914 lestus

131 931 180 987 dat
191 933 302 986 veniam
313 947 500 1002 somnumque
510 931 587 997 dies,
599 934 715 1005 impune
727 933 824 991 licebit
920 950 946 994 to

132 1009 267 1062 aestivam
282 1023 410 1062 sermone
422 1007 546 1081 benigno
556 1007 670 1064 tendere
682 1019 799 1066 noctem.

130 1082 193 1150 Quo
204 1083 275 1137 mihi
286 1083 434 1146 fortunam,
447 1085 471 1137 si
488 1100 541 1136 non
554 1083 717 1139 conceditur
728 1085 789 1140 uti‘l

130 1159 235 1213 Parcus
246 1159 282 1213 oh
296 1157 408 1213 heredis
419 1175 514 1214 curam
525 1159 701 1231 nimiumque
711 1178 827 1217 severus

130 1234 243 1290 adsidet
255 1236 368 1289 insano:
394 1243 487 1306 potare
501 1243 528 1288 et
541 1251 673 1308 spargere
686 1233 767 1292 flores

130 1311 265 1382 incipiam
280 1311 425 1382 patiarque
436 1310 481 1365 vel
493 1310 668 1365 inconsultus
679 1311 787 1367 haberi.
919 1326 945 1370 15

129 1384 205 1453 Quid
217 1403 272 1441 non
286 1385 407 1440 ebrietas
418 1384 566 1458 designat?
583 1384 684 1458 Operta
695 1388 822 1452 recludit,

129 1479 197 1533 spes
206 1461 286 1516 iubet
297 1478 359 1516 esse
369 1471 452 1525 ratas,
470 1461 503 1515 ad
515 1461 620 1532 proelia
631 1462 719 1518 trudit
734 1465 861 1530 inertem,

129 1537 261 1593 sollicitis
276 1537 378 1592 animis
389 1553 460 1593 onus
474 1537 583 1601 eximit,
601 1537 718 1594 addocet
729 1547 812 1596 artes.

128 1613 256 1669 Facundi
268 1613 369 1669 calices
379 1629 463 1684 quem
474 1629 528 1668 non
543 1612 633 1669 iecere
646 1614 802 1671 disertum?

14 1708 53 1749 'trs
128 1698 269 1745 contracta
281 1706 365 1761 quem
380 1706 434 1744 non
448 1690 477 1744 in
490 1698 654 1760 paupertate
664 1690 807 1746 solutum?
917 1704 944 1749 tt

46 1774 49 1778 ’
127 1767 203 1821 Haec
217 1782 269 1839 ego
279 1781 427 1836 procurare
437 1774 464 1820 et
473 1764 592 1819 idoneus
603 1766 726 1837 imperor
739 1776 765 1822 et
777 1786 831 1823 non

128 1842 253 1897 invitus:
267 1858 302 1895 ne
313 1850 394 1912 turpe
405 1840 484 1903 toral,
497 1856 532 1895 ne
542 1839 655 1896 sordida
667 1858 767 1913 mappa

128 1926 259 1991 corruget
270 1933 364 1979 nares,
383 1933 416 1970 ne
428 1933 482 1971 non
495 1924 522 1971 et
532 1916 682 1971 cantharus
695 1926 722 1971 et
736 1918 802 1973 lanx

127 1992 258 2049 ostendat
268 1992 321 2047 tibi
332 2000 373 2056 te,
389 2008 424 2047 ne
435 1991 505 2046 fidos
518 1994 591 2047 inter
602 1994 706 2048 amicos

127 2069 167 2123 sit
177 2070 228 2140 qui
239 2068 313 2123 dicta
325 2067 398 2123 loras
409 2067 549 2132 eliminet;
571 2077 601 2123 ut
615 2078 692 2123 coeat
702 2086 752 2140 par
916 2078 943 2123 25

127 2146 320 2217 iungaturque
331 2145 403 2215 pari.
435 2144 548 2197 Butram
559 2142 611 2199 tibi
623 2144 835 2217 Septiciumque

128 2229 166 2283 et,
183 2220 238 2274 nisi
252 2236 335 2275 coena
347 2220 423 2290 prior
434 2220 580 2290 potiorque
591 2220 685 2291 puella
697 2218 833 2274 Sabinum

127 2296 247 2359 detinet,
261 2294 420 2361 adsumam;
438 2295 515 2349 locus
525 2304 568 2349 est
578 2305 605 2350 et
616 2294 746 2367 pluribus
760 2294 878 2359 umbris,

127 2371 179 2426 sed
192 2372 277 2425 nimis
289 2379 345 2425 arta
356 2377 488 2442 premunt
499 2369 591 2424 olidae
602 2371 731 2425 convivia
741 2386 850 2442 caprae.

127 2449 182 2511 Tu,
195 2456 298 2519 quotus
310 2462 370 2500 esse
385 2446 466 2509 velis,
483 2445 615 2502 rescribe.
631 2455 658 2501 et
672 2445 756 2500 rebus
769 2445 882 2501 omissis
915 2455 942 2501 tt

128 2524 200 2578 atria
210 2530 368 2577 servantem
379 2521 486 2593 postico
500 2519 566 2575 falle
577 2522 718 2576 clientem.
