2159 3150
348 324 384 365 ur
401 324 427 366 tt.
451 324 483 367 rt.
515 323 666 368 sa'r.1v.
822 320 872 372 itt)

124 422 287 476 Surrentina
305 422 377 476 raler
387 424 435 493 qui
449 424 545 477 miscet
556 423 630 478 faece
642 424 755 479 Falerna
824 421 834 431 '
903 439 929 485 ta

124 500 199 560 vina,
211 498 370 551 columbino
383 498 479 553 limum
495 498 565 553 bene
575 500 682 573 colligit
693 517 754 563 ovo,

122 583 261 644 quatenus
273 574 327 627 ima
339 576 408 645 petit
419 573 530 628 volvens
542 574 631 629 aliena
643 576 766 630 vitellus.

123 650 214 703 Testis
224 660 390 703 marcentem
404 650 517 721 squillis
528 650 667 705 recreabis
677 660 704 705 et
714 651 778 705 Afra

122 733 246 796 potorem
259 725 385 780 cochlea:
407 742 469 779 nam
481 724 584 780 lactuca
595 726 700 780 innatat
710 728 767 781 acri

121 808 184 869 post
195 801 292 854 vinum
303 800 457 868 stomach03
471 818 556 873 perna
566 804 656 875 magis
662 818 694 856 ac
701 804 791 876 magis
797 801 877 861 hillis
901 816 927 863 to

121 874 227 947 flagitat
238 876 386 930 immersus
397 875 486 939 refici,
499 878 569 948 quin
579 878 671 932 omnia
683 878 770 942 malit,

120 967 314 1023 quaecumque
325 951 478 1007 immundis
490 951 598 1007 fervent
608 953 689 1008 allata
699 956 822 1025 popinis.

119 1028 170 1081 Est
178 1044 278 1099 operae
291 1028 421 1099 pretinm,
437 1027 560 1099 duplicis
568 1044 731 1100 pernoscere
742 1031 812 1085 iuris

120 1112 258 1157 naturam.
289 1102 416 1174 Simplex
426 1120 441 1158 e
452 1103 528 1158 dulci
540 1113 646 1159 constat
655 1104 740 1168 olivo,

119 1178 196 1250 quod
208 1179 308 1253 pingui
320 1180 436 1234 miscere
447 1196 521 1233 mero
532 1181 679 1251 muriaque
693 1180 804 1236 decebit
899 1194 925 1239 tt

119 1272 174 1309 non
185 1254 249 1319 alia,
261 1272 345 1327 quam
356 1272 411 1327 qun
421 1255 552 1327 Byzantia
563 1256 656 1326 putuit
666 1272 739 1310 orca.

118 1331 175 1385 lloc
186 1330 236 1385 ubi
246 1330 392 1385 confusum
406 1332 488 1385 sectis
503 1330 637 1386 inferbuit
648 1330 742 1385 herbis

113 1404 291 1479 ¹Corycioque
302 1422 381 1461 croco
394 1422 521 1477 sparsum
532 1407 617 1468 stetit,
635 1406 750 1478 insuper
760 1406 856 1473 addes,

117 1499 215 1554 pressa
225 1482 396 1536 Venafranae
406 1480 480 1553 quod
493 1480 576 1535 bacca
591 1482 698 1536 remisit
708 1482 809 1538 olivae.

117 1558 229 1613 Picenis
242 1558 344 1634 cedunt
354 1558 444 1630 pomis
458 1555 585 1612 Tiburtia
598 1573 696 1615 succo:
896 1570 924 1618 tt

116 1651 182 1688 nam
194 1633 264 1689 facie
278 1642 428 1706 praestant.
458 1633 601 1688 Venucula
615 1634 745 1688 convenit
754 1635 834 1703 ollis3

118 1710 222 1764 rectius
232 1709 367 1765 Albanam
379 1709 455 1764 lumo
464 1708 610 1763 duraveris
623 1726 718 1763 uvam.

117 1786 193 1840 Hanc
202 1802 254 1859 ego
265 1802 326 1841 cum
339 1786 429 1847 malis,
441 1801 492 1858 ego
504 1783 607 1838 laecem
617 1785 725 1856 primus
735 1795 762 1840 et
773 1785 862 1852 baleo,

116 1862 225 1933 primus
236 1869 262 1916 et
272 1863 400 1928 invenior
410 1861 491 1932 piper
504 1859 609 1922 album,
623 1876 686 1915 oum
700 1860 758 1916 sale
769 1863 850 1935 nigro

116 1937 254 1992 incretum
268 1939 347 2009 puris
358 1937 593 2007 circumposuisse
603 1936 716 1991 catillis.
895 1947 922 1994 rt

115 2013 238 2067 immane
252 2021 293 2067 est
304 2012 414 2075 vitium,
425 2011 490 2066 dare
502 2011 591 2066 millia
601 2020 678 2066 terna
689 2011 805 2067 macello

115 2097 290 2161 angustoque
301 2103 387 2161 vagos
398 2087 489 2159 pisces
503 2103 603 2159 urgere
616 2088 718 2142 catino.

114 2165 215 2236 Magna
230 2171 321 2218 movet
334 2163 475 2218 stomacho
487 2161 609 2226 fastidia,
621 2179 671 2217 seu
683 2178 752 2234 puer
761 2161 854 2217 unctis

114 2240 243 2295 tractavit
253 2239 367 2295 calicem
379 2238 517 2302 manibus,
530 2238 597 2292 dum
611 2237 682 2293 furta
694 2238 813 2311 ligurrit,

114 2317 175 2371 sive
189 2316 283 2390 gravis
295 2316 381 2370 veteri
392 2324 512 2369 craterae
523 2313 608 2368 limus
618 2313 753 2369 adhaesit.
894 2323 921 2370 tt

113 2391 227 2447 Vilibus
237 2392 267 2445 in
278 2391 381 2463 scopis,
397 2391 426 2444 in
438 2390 557 2461 mappis,
573 2392 602 2444 in
612 2389 695 2444 scobe
705 2398 826 2460 quantus
846 2406 849 2412 ’
871 2440 874 2444 ,

113 2468 243 2523 consistit
254 2465 381 2522 sumtus?
391 2465 535 2540 neglectis,
548 2463 685 2538 flagitium
699 2465 809 2537 ingens.

112 2546 179 2600 Ten’
193 2541 302 2615 lapides
312 2543 403 2597 varios
415 2541 550 2597 lutulenta
561 2541 656 2596 radere
666 2540 758 2612 palma

112 2629 141 2675 at
155 2620 253 2694 Tyrias
264 2618 329 2673 dare
340 2619 445 2673 circum
458 2616 533 2671 illota
545 2616 641 2671 toralia
651 2623 752 2678 vestes,

112 2695 242 2758 oblitum,
254 2703 358 2765 quanto
369 2711 463 2749 curam
474 2701 654 2764 sumtumque
665 2692 798 2744 minorem
894 2699 920 2743 85

113 2772 182 2828 haec
193 2771 322 2834 habeant,
339 2780 413 2824 tanto
424 2766 589 2840 reprehendi
599 2767 703 2822 iustius
714 2766 779 2820 illis.

112 2865 184 2920 quae
196 2847 251 2902 nisi
264 2845 401 2900 divitibus
414 2849 552 2914 nequeant
565 2843 724 2914 contingere
738 2837 861 2894 mensis?
