2159 3150
227 290 231 299 '
311 310 389 355 nra.
409 310 426 354 1.
459 310 598 355 snm.
782 310 829 360 rao

80 429 148 483 quae
160 428 251 483 neque
260 413 289 465 in
301 411 472 465 aedesonent
482 414 614 467 certantia
625 412 717 468 iudice
729 416 827 485 Tarpa,

81 485 837 559 neeredeautiterumatqueiterumapeetandatheatris.

80 567 181 637 Arguta
193 566 337 618 meretrice
349 573 427 635 potes
436 563 568 635 Davoque
581 563 725 620 Chremeta
859 576 886 620 to

80 638 207 693 eludente
217 654 311 694 senem
327 638 414 693 comis
424 640 529 712 garrire
542 639 652 695 libellos

80 733 149 769 unus
160 716 295 778 virorum,
311 714 452 782 Fundani;
466 715 558 771 ‘Pollio
569 725 667 789 regum

79 790 147 847 lacta
161 791 245 855 canit,
257 790 330 862 pede
341 800 381 846 ter
392 808 538 862 percusso;
555 790 624 846 forte
633 808 700 863 epos
711 810 783 853 acer,

78 878 107 921 ut
117 883 208 931 nemo,
222 866 322 921 Varius
332 865 424 933 ducit;
442 866 527 923 molle
540 875 623 938 atque
634 866 754 923 facetum

77 942 196 1016 Virgilio
207 952 364 997 annuerunt
374 943 528 1015 gaudentes
539 960 603 997 rure
615 942 760 999 Camenae.
858 953 884 999 ts

77 1020 133 1073 Hoc
144 1028 212 1081 erat,
228 1028 342 1089 experto
353 1018 454 1074 frustra
465 1018 586 1073 Varrone
596 1018 712 1075 Atacino

76 1100 158 1166 atque
169 1094 340 1165 quibusdam
351 1094 425 1158 aliis,
437 1095 538 1149 malins
549 1094 625 1166 quod
634 1095 828 1169 scriberepos-

576 1188 646 1234 sem,

75 1248 221 1300 inventore
235 1244 337 1311 minum
356 1262 446 1320 neque
461 1262 513 1318 ego
529 1245 572 1300 illi
583 1246 727 1301 detrahere
738 1249 828 1301 ausim

75 1323 236 1377 haerentem
247 1323 332 1393 capiti
344 1339 407 1376 cum
419 1322 505 1377 multa
517 1322 599 1377 laude
609 1336 747 1378 coronam.

74 1399 108 1454 ht
119 1398 193 1461 dixi,
205 1395 291 1452 fluere
302 1398 378 1452 hunc
392 1398 571 1460 lutulentum,
586 1416 669 1470 saepe
680 1399 813 1454 ferentem
858 1410 885 1452 sa
901 1392 904 1401 '

72 1470 842 1548 pluraquidemtollendarelinquendis-Agequaeso,

73 1561 102 1606 tu
113 1549 188 1606 nihil
200 1552 230 1605 in
241 1566 341 1622 magno
352 1549 450 1606 doctus
461 1549 643 1622 reprehendis
653 1550 787 1608 Homero‘l

72 1627 111 1682 nil
124 1628 215 1682 comis
225 1629 324 1700 tragici
335 1637 423 1682 mutat
434 1627 561 1682 Lucilius
571 1629 638 1691 httl,

71 1720 126 1758 non
141 1702 217 1758 ridet
228 1720 326 1758 versus
335 1704 408 1758 Ennl
418 1704 555 1776 gravitate
564 1705 696 1766 minores,

71 1797 160 1850 quum
173 1778 209 1833 de
219 1795 249 1832 se
261 1778 392 1849 loquitur,
405 1797 458 1834 non
470 1789 500 1833 ut
511 1779 615 1834 maiore
626 1777 783 1850 reprensis‘?
857 1790 884 1834 55

69 1854 147 1922 Quid
161 1863 238 1910 vetat
248 1863 276 1909 et
284 1867 395 1908 nosmet·
403 1853 493 1908 Lucill
504 1856 608 1926 scripta
620 1854 743 1928 legentes

69 1947 218 2003 quaerero,
230 1947 296 1984 num
308 1929 396 1994 illius,
410 1947 476 1985 num
488 1947 580 1996 rerum
592 1930 660 1984 dura
673 1930 786 2004 negarit

68 2006 230 2061 versiculos
241 2013 337 2060 natura
351 2008 441 2079 magis
452 2005 537 2060 laetos
551 2014 578 2060 et
588 2014 687 2061 euntes

68 2082 198 2146 mollius,
213 2098 244 2135 ac
254 2082 278 2135 si
290 2084 364 2155 quis,
380 2082 502 2154 pedihus
515 2081 586 2152 qnid
600 2081 729 2136 claudere
739 2081 826 2146 senis,

68 2158 123 2212 hoc
134 2167 246 2230 tantum
256 2167 410 2221 contentus,
423 2159 496 2216 amet
505 2159 653 2229 scripsisse
663 2157 798 2212 ducentos
816 2201 821 2208 .
857 2167 882 2211 to

69 2243 134 2289 a‘nte
145 2233 244 2306 cibum
257 2251 363 2296 versus,
375 2231 494 2288 totidem'
501 2243 645 2288 coenatus:
666 2233 777 2289 Etrusci

68 2310 156 2383 quale
168 2309 223 2365 luit
234 2309 310 2365 Cassi
323 2309 420 2381 rapido
432 2311 584 2364 ferventius
595 2310 669 2364 amni

67 2387 232 2460 ingenium,
244 2387 337 2457 capsis
348 2403 432 2457 quem
444 2385 515 2440 fama
527 2395 639 2440 estesse
652 2385 788 2454 librisque

68 2463 235 2518 ambustum
252 2463 382 2533 propriis.
414 2462 509 2520 Fuerit
519 2461 656 2524 Lucilius,
673 2461 797 2532 inquam,

67 2540 160 2593 comis
173 2547 200 2592 et
212 2537 346 2600 urbanus,
360 2536 443 2592 luerit
454 2537 670 2600 limatioridem,
857 2545 884 2589 65
974 2572 978 2581 ·

67 2631 157 2684 quam
172 2612 252 2667 rudis
263 2624 290 2666 et
301 2614 414 2669 Graecis
425 2613 520 2668 intacti
535 2613 667 2667 carminis
678 2622 782 2676 auctor,

66 2706 219 2760 quamque
229 2699 373 2760 poetarum
383 2690 524 2742 seniorum
536 2689 630 2755 turha,
651 2687 702 2742 sed
713 2688 771 2751 ille,

66 2768 93 2820 si
105 2766 183 2822 foret
193 2765 246 2818 hoc
261 2773 385 2820 nostrum
398 2763 452 2818 lato
463 2763 571 2818 delatus
581 2766 611 2818 in
622 2780 731 2822 aevum,

66 2840 215 2897 detereret
225 2839 281 2894 sibi
293 2840 390 2902 multa,
402 2839 537 2893 recideret
547 2838 725 2969 omnequmd
738 2838 808 2891 ultra
