2159 3150
363 231 501 297 nmen
534 237 550 282 n

340 470 458 530 ODE
501 471 582 531 xlv.

244 587 297 630 An
329 573 671 630 neuruemcnu.

73 830 155 866 num
169 827 278 870 elloquitur
294 828 388 863 fluetibus
404 828 508 872 luctuum,
523 833 642 874 monetque,
657 834 679 864 ut
692 836 769 876 portum
784 841 837 876 peut

195 895 215 928 et
224 893 309 927 eventii
317 893 440 936 rupibusque
450 893 490 926 eibi
499 895 577 928 euveet.
601 894 660 930 lete.
669 895 721 930 XIX.
734 938 742 950 ι

117 982 149 1048 0
162 991 254 1055 navis,
267 990 387 1046 referent
396 991 426 1045 in
441 1009 515 1046 mare
530 1001 557 1046 te
569 995 633 1046 nevi

117 1066 232 1124 iiuntus.
272 1065 374 1138 anid
386 1064 465 1140 egis?
489 1069 606 1123 Fortiter
617 1085 722 1141 occupa

157 1151 280 1216 portum.
319 1143 416 1197 Nonne
426 1143 516 1207 niues,
530 1153 561 1198 ut

196 1217 303 1272 nudum
314 1219 432 1292 remigio
444 1218 514 1273 latus

115 1317 145 1365 et
156 1307 249 1362 melus
260 1306 344 1361 celeri
355 1307 468 1361 saucius
480 1306 573 1363 Africo

114 1392 312 1454 antennaeque
322 1391 446 1455 gemunt,
459 1399 490 1437 ae
500 1385 562 1438 sine
575 1383 689 1438 funibus

153 1459 207 1514 vix
220 1458 319 1512 durare
330 1459 440 1513 carinae

197 1541 314 1606 possunt
325 1534 503 1605 imperiosius

115 1625 243 1699 aequor?
255 1628 315 1681 Non
327 1625 379 1681 tibi
392 1635 457 1682 sunt
468 1628 576 1700 integra
589 1626 682 1690 lintea.
755 1680 760 1687 ,

116 1720 174 1759 non
188 1702 228 1766 di,
240 1718 311 1774 quos
323 1702 423 1757 iterum
435 1720 529 1774 pressa
543 1720 625 1757 voees
637 1704 719 1758 maio.

155 1776 293 1845 Quamvis
304 1779 415 1833 Pontica
427 1780 522 1849 pinus,

196 1854 286 1908 silvae
299 1854 355 1909 iiiia
367 1852 480 1917 nobilis,

118 1949 207 2002 inetes
218 1954 245 2001 et
255 1962 344 2019 genus
355 1954 382 2001 et
393 1962 493 2001 nomen
504 1945 604 2001 inutiie

118 2022 160 2078 nii
172 2020 257 2094 pictis
270 2020 386 2076 timidus
398 2024 491 2077 navita
502 2020 646 2094 puppibus

159 2096 232 2152 fidit.
272 2098 322 2161 Tu,
337 2098 392 2152 nini
403 2098 495 2152 ventis

147 2192 148 2197 ¹
199 2172 284 2227 debes
297 2172 461 2238 ludibrium,
475 2190 554 2229 cave.

120 2267 218 2337 Nuper
228 2265 381 2321 sollicitum
391 2282 463 2337 quae
475 2265 546 2321 mihi
558 2265 691 2330 taedium,

121 2358 198 2396 nunc
208 2341 380 2396 desiderium
391 2358 513 2413 curaque
525 2358 580 2397 nou
592 2342 672 2405 levis.

141 2467 144 2471 .
163 2416 295 2472 interfusa
311 2418 431 2487 nitentes

203 2493 273 2548 vites
285 2510 403 2565 aequore
415 2492 562 2567 Cycladas.

376 2625 547 2640 —au-a—-n—

120 2822 255 2877 iionnnns.
