2159 3150
257 292 417 339 CARMEN
437 294 648 340 SECULARE.
778 293 824 344 iiiii

110 392 245 449 Romulae
255 394 332 466 genti
343 391 406 448 date
416 410 530 466 remque
542 395 703 467 prolemque

187 476 215 524 et
224 468 311 523 decus
321 485 412 523 omne.

111 560 244 632 Quaeque
256 576 306 615 vos
318 559 407 615 bobus
419 570 567 616 veneratur
576 562 658 625 albis,

111 636 205 691 clarus
216 634 354 689 Anchisae
364 636 535 725 Venerisque
546 639 671 710 sanguis,
716 630 719 639 ¹

111 712 252 783 impetret,
265 709 387 766 bellante
397 727 482 782 prior
500 712 636 767 iacentem

186 785 278 841 lenis
269 802 298 840 m
309 784 427 840 hostem.

110 880 168 933 lam
179 879 248 932 mari
262 886 389 949 terraque
400 894 497 932 manus
508 886 634 949 potentes

83 970 86 975 ·
110 951 486 1024 Medushibanasquetimet
500 970 621 1016 secures,

110 1030 168 1083 iam
178 1026 297 1101 Scythae
308 1044 439 1100 responsa
451 1035 548 1100 petunt
557 1028 671 1130 superbi

185 1119 276 1175 nuper
285 1111 312 1158 et
321 1103 394 1158 indi

108 1196 168 1251 Iam
178 1194 248 1250 fides
259 1203 286 1250 et
294 1212 351 1267 pax
362 1204 388 1249 et
398 1194 485 1250 honos
495 1194 640 1267 pudorque

109 1271 222 1343 priscus
233 1277 260 1325 et
270 1270 396 1343 neglecta
407 1269 498 1325 redire
509 1270 598 1325 virtus

110 1345 210 1410 audet,
223 1354 393 1433 apparetque
404 1344 483 1401 beata
495 1346 577 1417 pleno

184 1422 264 1493 copia
275 1437 371 1475 cornu.

109 1512 210 1588 Augur
219 1520 246 1568 et
256 1511 381 1587 fulgente
391 1512 508 1567 decorus
520 1508 584 1565 arcu

109 1588 242 1646 Phoebus
253 1597 439 1661 acceptusque
453 1603 553 1643 novem
564 1587 702 1651 Camenis,

108 1682 159 1738 qur
152 1664 287 1720 salutari
298 1664 372 1719 levat
385 1671 442 1718 arte
456 1662 544 1718 fessos

185 1739 405 1812 corporis'art'us
442 1761 445 1766 ¹

108 1851 132 1888 ιι
124 1832 284 1888 Palatinas
295 1830 373 1886 videt
383 1847 489 1902 aequus
500 1847 570 1893 ares.

108 1923 227 1980 remque
236 1907 388 1963 Romanam
398 1905 565 1979 Latiumque
575 1903 644 1958 iehx

108 1982 247 2039 alterum
239 1997 269 2036 m
282 1982 399 2037 lustrum
411 1980 569 2052 meliusque
577 1995 688 2051 semper
756 2012 772 2021 --
827 2002 830 2008 ·

187 2065 356 2132 prorogat
331 2072 441 2111 aevum

109 2150 246 2221 Quaeque
256 2147 426 2204 Aventinum
436 2153 511 2206 tenet
521 2143 721 2221 Algidumque
745 2143 748 2148 ’

109 2224 277 2297 quindecim
286 2223 372 2278 Diana
381 2239 478 2294 preces
490 2223 614 2299 virorum

109 2308 191 2359 curat
201 2307 229 2354 et
238 2298 310 2354 vous
319 2315 468 2371 puerorum
481 2295 593 2351 amicas
666 2297 670 2304 '

177 2373 309 2446 ·applicat
324 2390 414 2428 aures.

109 2467 184 2522 Haec
194 2467 288 2522 Iovem
299 2467 401 2520 sentire
412 2464 534 2536 deosque
545 2471 668 2526 cunctos,
735 2467 738 2470 ’

109 2559 192 2614 spem
203 2540 304 2596 bonam
314 2548 473 2612 certamque
483 2537 598 2594 domum
609 2544 728 2610 reporto,

109 2616 211 2673 doctus
222 2624 250 2671 et
258 2614 363 2670 Phoebi
374 2615 475 2670 chorus
486 2621 514 2670 et
522 2614 624 2668 Dianae

189 2692 284 2747 dicere
295 2688 426 2746 laudes.

339 2801 571 2834 mcccv—-
