2159 3150
342 264 417 307 nra.
439 265 472 307 ll.
502 264 592 309 SAT.
614 265 674 309 vlt.
837 261 888 312 229

131 365 264 421 mundior
275 366 363 419 exiret
374 368 424 419 vix
435 365 583 419 libertinus
595 365 722 420 honeste:

131 445 188 497 iam
200 440 333 496 moechus
344 440 455 503 Romae,
468 441 524 494 iam
536 440 630 495 mallet
640 440 737 495 doctus
749 442 865 497 Athenis

131 520 239 580 vivere,
251 517 421 577 Vertumnis,
433 525 569 587 quotquot
580 524 654 579 sunt,
667 528 748 571 natus
759 518 865 588 iniquis

131 593 233 648 Scurra
245 592 420 655 Volanerius,
437 602 583 663 postquam
597 592 639 645 illi
651 593 723 646 iusta
735 592 867 667 cheragra
918 606 944 649 ¹5

73 671 75 673 ’
130 668 259 724 contudit
270 668 411 730 articulos,
433 668 482 739 qui
494 683 545 739 pro
555 684 585 721 se
596 666 704 722 tolleret
715 678 797 739 atque

131 748 253 799 mitteret
264 745 293 797 in
305 743 433 815 phimum
444 743 523 805 talos,
535 743 663 797 mercede
674 742 774 797 diurna

129 820 299 875 conductum
312 819 403 891 pavit:
419 827 522 891 quanto
534 819 702 873 constantior
713 818 801 873 isdem

129 898 159 950 in
169 896 259 957 vitiis,
273 905 347 950 tanto
358 894 450 949 levius
460 895 546 949 misor
555 912 587 949 ac
597 895 674 965 prior
683 894 741 957 illo,

128 973 180 1043 qui
192 972 248 1026 iam
259 979 395 1029 contento,
410 974 465 1025 iam
478 971 540 1024 laxo
552 968 618 1024 lune
630 970 745 1024 laborat.
915 983 943 1026 to

129 1066 188 1102 uon.
204 1048 264 1101 Non
281 1046 358 1101 dices
375 1045 472 1108 hodie,
494 1062 628 1117 quorsum
640 1044 709 1100 haec
720 1053 775 1099 tam
787 1046 884 1117 putida

636 1121 760 1181 tondant,

131 1196 265 1251 lurcileri
279 1214 328 1251 mv
345 1196 387 1251 Ad
401 1198 569 1267 tamquam.
587 1196 712 1262 romono
724 1206 886 1268 protopas—

632 1271 721 1326 sime‘?
743 1291 801 1325 nav.
813 1273 923 1329 Laudas

129 1348 269 1403 fortunam
280 1359 307 1401 et
318 1364 407 1401 mores
418 1348 548 1417 antiquae
560 1347 660 1417 piebis,
676 1356 703 1401 et
713 1347 799 1406 idem.

128 1426 154 1478 si
165 1425 231 1495 quis
243 1423 278 1477 ad
291 1423 339 1477 illa
350 1422 419 1477 deus
430 1422 524 1476 subito
538 1432 564 1475 te
575 1433 648 1495 agat,
660 1440 750 1494 usque
761 1440 882 1488 recuses,

128 1509 177 1555 aut
187 1499 253 1571 quia
266 1516 319 1553 non
331 1499 428 1559 sentis,
444 1497 520 1568 quod
530 1499 643 1560 clamas,
658 1500 760 1553 rectius
771 1516 842 1561 esse,
915 1512 942 1555 25

131 1583 179 1631 aut
189 1577 255 1646 quia
267 1593 320 1630 non
332 1572 427 1629 firmus
438 1583 545 1629 rectum
556 1573 694 1639 delendis,
707 1585 734 1629 et
746 1573 843 1630 haeres

130 1651 323 1722 nequidquam
338 1651 549 1721 coenocupiens
560 1651 680 1705 evellere
695 1652 828 1722 plantam.

130 1729 234 1782 Romae
247 1745 295 1781 rus
305 1736 393 1798 optas,
407 1726 549 1780 absentem
562 1728 683 1780 rusticus
695 1727 792 1780 urbem

130 1803 207 1858 tollis
218 1802 252 1857 ad
265 1813 336 1857 astra
348 1802 430 1856 levis.
462 1801 492 1856 Si
505 1819 643 1872 nusquam
655 1820 684 1856 es
696 1802 765 1856 forte
776 1812 890 1857 vocatus

129 1879 164 1934 ad
176 1896 300 1940 coenam,
311 1878 406 1932 laudas
418 1892 547 1932 securum
558 1879 630 1938 olus,
639 1895 680 1940 ac,
688 1878 765 1932 velut
775 1894 895 1948 usquam
914 1890 941 1933 at

129 1956 243 2009 vinctus
255 1971 311 2016 eas,
324 1955 361 2008 ita
371 1963 398 2008 te
410 1952 519 2008 felicem
531 1952 603 2007 dicis
615 1971 756 2024 amasque,

128 2030 205 2102 quod
218 2047 356 2102 nusquam
367 2029 417 2083 tibi
429 2031 465 2083 sit
476 2029 638 2100 potandum.
670 2029 785 2083 lusserit
795 2027 829 2082 ad
841 2044 871 2084 se

127 2108 274 2162 Maecenas
285 2122 377 2160 serum
390 2105 444 2160 sub
456 2105 560 2158 lumina
572 2106 662 2176 prima
673 2105 769 2159 vanira

127 2183 289 2237 convivam:
315 2182 443 2235 »Nemon'
454 2181 546 2234 oleum
559 2181 610 2234 lert
620 2179 718 2235 ocius?
728 2181 825 2251 ecquis

128 2255 258 2312 »auditio
280 2275 342 2312 cum
358 2273 458 2329 magno
470 2256 589 2310 blateras
599 2257 718 2311 clamore
730 2256 866 2327 iurisque.
912 2266 938 2309 ³5

127 2334 253 2388 Mulvius
265 2343 291 2387 et
301 2349 423 2394 scurrae,
436 2331 487 2386 tibi
500 2349 553 2386 non
566 2329 708 2386 referenda
722 2334 835 2402 precati,

126 2407 289 2463 discedunt.
322 2409 444 2462 »Etenim
455 2407 539 2462 lateor
551 2424 609 2461 men
620 2408 724 2461 dixerit
736 2407 792 2470 ille,

126 2485 208 2538 aduci
220 2495 316 2538 ventre
328 2483 431 2549 levom3
445 2501 542 2537 nasum
555 2483 652 2536 nidore
662 2486 787 2554 supinor‚

127 2559 317 2624 »imbecillus
330 2560 420 2623 iners;
434 2561 458 2612 si
470 2558 539 2630 quid
551 2559 605 2620 vis,
619 2558 699 2621 adde,
712 2561 828 2630 popin03

127 2645 172 2690 atu
187 2641 276 2708 quum
288 2636 327 2689 sis
338 2634 412 2706 quod
424 2651 485 2708 ego,
503 2645 529 2688 et
543 2633 666 2688 fortassis
678 2634 804 2705 nequior,
813 2635 885 2690 ultro
912 2639 940 2686 lo

127 2715 278 2766 »insectere
297 2709 373 2764 velut
384 2710 491 2772 melior,
506 2709 657 2778 verbisque
668 2709 777 2763 decoris

126 2787 278 2843 »obvolvas
288 2783 423 2841 vitiuml«
444 2783 528 2850 Quid,
541 2785 565 2837 si
579 2801 622 2836 me
633 2785 743 2837 stultior
754 2783 816 2854 ipso
