2159 3150
392 308 527 354 LIBER
569 307 612 354 IV.

161 414 216 467 rite
226 412 345 466 Latonae
356 426 474 482 puerum
484 417 624 473 canentes,

162 489 216 543 rite
227 496 396 542 crescentem
408 485 467 541 lace
476 485 658 548 Noctilucam,

163 579 325 636 prosperam
337 561 449 636 frugum
458 560 635 632 celeremque
644 576 746 634 pmnce

240 639 354 694 volvere
367 655 488 693 menses.
908 641 935 690 lt

163 733 257 805 Nupta
270 732 326 786 iam
338 730 429 786 dices:
442 730 501 804 Ego
511 728 556 785 dls
568 729 697 794 amicum,

164 807 260 864 seculo
271 806 354 863 lestes
365 805 500 861 referente
511 805 598 870 luces,

165 883 279 940 reddidi
290 899 410 945 carmen,
422 880 522 937 docilis
533 879 679 936 medorum

241 961 313 1015 vatis
323 959 427 1015 Horntl.

393 1201 464 1264 OD
488 1201 513 1262 E
556 1201 623 1264 Vll.

259 1322 303 1362 AD
317 1322 343 1363 L.
356 1321 513 1362 MANLIUH
530 1319 746 1372 coacuerint.

125 1529 152 1564 In
161 1529 216 1564 varie
225 1528 314 1563 adventa
323 1527 523 1564 annumeremus·
532 1529 586 1564 vitu
595 1529 699 1573 admonet,
713 1530 734 1564 et
747 1531 769 1563 nt
779 1527 829 1574 sint,
843 1537 883 1564 ιοι

312 1592 382 1629 heredi
390 1593 454 1637 vine,
462 1593 562 1629 humatur.
587 1594 645 1631 usar.
658 1592 702 1630 vn.

126 1684 278 1767 Diffugere
289 1683 384 1756 nives,
396 1690 513 1748 redeunt
523 1693 579 1747 iem
590 1694 716 1767 gramine
726 1693 833 1766 campis

169 1768 373 1840 arboribusque
383 1784 492 1823 comae:

129 1853 221 1900 mutat
231 1855 303 1899 terra
312 1844 404 1909 vices,
420 1853 447 1899 et
457 1843 645 1899 decrescentia
656 1845 731 1917 ripas

169 1919 285 1976 flumina
298 1929 488 1992 praetereunt:

129 1996 227 2054 Gratia
238 2013 301 2051 cnm
312 1996 451 2071 Nymphis
464 1997 642 2070 geminisque
653 1995 794 2051 sororibus
806 1993 889 2051 audet
928 2007 939 2050 ⁵

169 2072 273 2128 ducere
284 2070 360 2127 nude
373 2071 481 2129 choros.

129 2147 302 2204 Immortalia
314 2164 349 2203 ne
357 2164 463 2221 speres,
476 2155 569 2203 menet
578 2164 667 2203 annus
677 2156 704 2203 et
715 2148 819 2202 almum

170 2240 244 2296 quae
253 2225 326 2296 rapit
335 2223 403 2280 hera
413 2224 499 2280 diem.
533 2238 536 2242 ’

130 2301 248 2374 Frigora
256 2302 406 2356 mitescunt
416 2300 565 2375 Zephyris,
589 2317 636 2355 ver
646 2300 761 2372 proterit
771 2306 860 2354 aestas

169 2377 324 2441 interitura,
340 2376 424 2431 simul
917 2386 941 2430 10

129 2450 252 2527 pomifer
262 2460 413 2507 autumnus
423 2452 518 2525 fruges
527 2449 669 2517 effuderit,
686 2460 713 2507 et
723 2467 787 2505 mox

170 2528 270 2583 bruma
281 2529 398 2583 recurrit
411 2528 496 2583 iners.
790 2529 792 2533 ’

130 2604 238 2659 Damna
248 2613 340 2659 tamen
351 2605 455 2660 celeres
464 2611 593 2675 reperent
604 2603 734 2659 coelestia
745 2603 855 2657 Lunae:
869 2626 871 2631 ·

171 2697 232 2745 nos,
245 2679 295 2736 nbi
306 2679 473 2742 decidimus,

130 2773 189 2829 quo
203 2756 408 2827 paterdeneas,
421 2772 476 2827 quo
488 2754 568 2809 dives
579 2754 677 2810 Tullus
688 2760 715 2807 ct
725 2753 828 2816 Ancus,
918 2762 942 2804 15

171 2832 267 2905 pulvis
277 2842 304 2886 et
314 2833 412 2887 umbra
423 2847 532 2886 sumus.
