2159 3150
216 306 266 359 206
457 309 728 357 serrantium

217 412 377 485 ponendum
390 426 479 482 aequo
490 412 593 469 animo.
619 429 676 465 non.
696 411 778 475 Dite,
792 412 969 485 Damasippo,

657 486 782 557 deaeque

217 580 313 618 verum
323 564 360 618 ob
371 562 519 617 consilium
529 562 633 617 donent
643 562 766 617 tonsorel
789 561 845 617 Sed
854 563 931 618 unde

216 650 271 695 tam
282 639 402 693 beneme
413 636 503 693 nosti?
522 656 584 693 nna.
597 638 746 710 Postquam
754 641 896 693 omnisres
906 656 970 695 mea

659 714 756 768 lanum

217 788 251 845 ad
263 789 386 845 medium
400 788 484 844 fracta
497 797 548 852 est,
561 788 651 844 aliena
664 790 774 863 negotia
784 805 851 844 curo

160 877 195 939 20·
221 882 356 921 excussus
367 865 498 937 propriis.
524 864 597 919 Olim
609 882 673 919 nem
683 881 817 937 quaerere
828 864 967 931 amabam,

215 959 271 1013 quo
282 940 359 995 valer
372 941 420 995 ille
431 939 516 1013 pedes
528 938 644 995 lavisset
654 940 794 1015 Sisyphus
804 957 878 1005 aere,
906 936 910 944 ’

215 1017 285 1089 quid
296 1017 437 1089 sculptum
449 1016 568 1080 infabre,
584 1017 654 1088 quid
668 1016 761 1071 lusum
772 1015 871 1071 durius
882 1027 968 1073 esset.

215 1091 341 1149 Callidus
355 1093 422 1154 huic
432 1093 512 1165 signo
524 1092 663 1164 ponebam
673 1092 763 1147 millia
774 1102 900 1160 centum3

205 1168 307 1225 -bortos
320 1170 504 1243 egregiasque
514 1167 610 1223 domos
621 1168 770 1224 mercarier
779 1184 853 1222 unus

157 1254 184 1299 25
214 1262 278 1300 cum
290 1245 367 1300 lucro
377 1261 487 1309 noram;
504 1244 579 1299 unde
592 1244 749 1315 frequentia
760 1245 925 1299 Mercuriale

214 1322 372 1393 imposuere
382 1320 452 1375 mibi
464 1337 616 1394 cognomen
629 1320 760 1392 compita.
790 1338 848 1373 non.
863 1322 934 1376 Novi

212 1405 240 1451 et
251 1398 335 1451 miror
345 1396 434 1451 morbi
446 1404 596 1469 purgatum
605 1405 632 1450 te
642 1396 731 1451 illius.
763 1394 849 1466 Atqui

214 1474 318 1528 emovit
327 1483 448 1527 veterem
460 1472 528 1526 mire
540 1489 639 1533 novus,
651 1481 683 1525 ut
693 1471 772 1535 solet,
785 1472 815 1525 in
825 1489 871 1527 cor

214 1550 327 1605 traiecto
341 1548 434 1606 lateris
446 1548 540 1603 miseri
555 1549 690 1620 capitisve
704 1547 808 1611 dolore,
871 1579 876 1586 ·

156 1635 181 1678 tu
211 1623 966 1698 utletbargicusbio‚quumlitpugiletmedicumurget.

212 1702 282 1779 Dum
292 1719 327 1756 ne
337 1701 407 1773 quid
418 1700 511 1768 simile
522 1699 598 1763 huic,
611 1711 669 1755 esto
679 1709 710 1755 ut
721 1700 797 1755 libet.
814 1719 875 1754 orn.
886 1699 968 1756 Obo-

652 1794 700 1839 ne,
715 1786 786 1830 nete

210 1851 355 1908 frustrere:
378 1851 485 1906 insanis
498 1861 525 1906 et
535 1861 566 1906 tu
576 1851 711 1924 stultique
721 1869 808 1923 prope
817 1867 925 1917 omnes,

211 1929 236 1983 si
247 1927 316 2000 quid
327 1927 477 1984 Stertinius
490 1927 549 1982 veri
562 1937 665 1998 erepat.
677 1928 752 1982 unde
762 1944 814 2000 ego
827 1928 899 1982 mira

212 2003 351 2077 descripsi
360 2003 461 2058 docilis
472 2012 618 2075 praecepta
628 2003 707 2067 haee,
717 2013 842 2075 tempore
851 2020 908 2075 quo
919 2021 966 2060 me

155 2089 182 2134 ts
211 2081 316 2135 solatus
326 2082 410 2134 iussit
423 2081 576 2150 eapientem
588 2095 702 2151 pascere
712 2079 828 2135 barbam

211 2166 294 2228 etque
305 2173 319 2210 a
331 2156 459 2211 Fabricio
471 2173 523 2212 non
537 2157 645 2211 tristem
659 2165 743 2227 ponte
753 2155 867 2210 reverti.

212 2232 291 2295 Nam.
306 2232 378 2286 male
393 2249 421 2286 re
434 2241 520 2305 gesta,
533 2249 621 2303 quum
630 2231 733 2286 vellem
744 2233 854 2286 mittere
866 2242 964 2303 operto

212 2323 256 2362 me
267 2309 357 2380 capite
370 2309 399 2362 in
413 2304 529 2380 flumen,
547 2308 645 2362 dexter
659 2309 735 2363 stetit
748 2317 776 2362 et
788 2307 877 2364 »Cave
889 2307 965 2364 laxis

209 2392 250 2438 rte
264 2383 419 2456 quidquam
438 2382 600 2456 iudignum!
617 2383 723 2438 Pudor«
738 2385 831 2455 inquit
845 2393 887 2439 »te
903 2401 964 2440 ma-

584 2476 588 2483 ·
652 2459 740 2513 lusan
764 2460 794 2520 Ἰ,

153 2538 181 2587 to
209 2533 336 2587 »insanos
346 2533 396 2605 qui
406 2534 478 2588 inter
488 2551 601 2588 vereare
615 2535 730 2589 insanus
743 2476 852 2590 biberi.

211 2609 349 2662 »Primum
365 2625 427 2662 nam
444 2610 599 2680 inquiram,
615 2609 685 2681 quid
699 2613 736 2665 sit
748 2610 852 2666 iurene:
874 2611 927 2667 boc
937 2613 963 2666 si

654 2688 706 2741 erit
719 2686 749 2740 in
763 2697 789 2741 te

213 2755 295 2818 isole,
308 2757 346 2811 nil
362 2757 451 2820 verbi,
465 2774 562 2828 pereas
570 2760 639 2831 quin
652 2760 768 2826 fortiter,
779 2759 892 2817 addam.

212 2829 314 2896 »Quem
326 2833 397 2886 mala
408 2834 524 2888 stultitia
536 2844 563 2889 et
572 2851 768 2908 quemcunque
777 2837 889 2892 inscitia
898 2838 960 2892 veri
