2159 3150
510 305 695 369 onaauu

510 571 721 634 ouum.

449 710 495 750 au
518 705 762 748 mancunium.

229 951 348 988 lonearium
364 948 456 991 invoa-t,
470 947 497 981 ui
513 945 553 980 sibi
572 945 624 980 adsit
642 945 710 988 Lyden
724 943 845 978 camisinus
858 943 989 986 demulceam,

269 1016 301 1052 eui
313 1013 426 1050 nmmum
439 1020 514 1055 poenas
526 1011 547 1044 et
560 1009 728 1053 Hypermestrae
744 1008 828 1050 virgini·
847 1008 942 1044 vii-tmen
961 1009 989 1043 ob

268 1080 337 1116 oeulos
346 1077 409 1122 ponit.
433 1073 563 1111 &mml-
737 1066 739 1070 ’

266 1167 403 1239 Mercuri,
416 1172 490 1246 (nam
500 1181 527 1227 te
538 1171 638 1226 docilis
653 1173 785 1244 magistro

268 1253 355 1308 movit
365 1248 504 1320 Amphion
515 1245 625 1319 lapides
639 1243 784 1318 canendo)

268 1339 354 1399 tuque
364 1322 474 1382 testudo
489 1339 617 1378 resonare
631 1329 736 1392 septem

340 1398 441 1456 callida
453 1398 558 1461 nervis,

172 1510 185 1551 5
267 1511 318 1549 neo
329 1493 433 1564 loquax
442 1491 510 1546 oiim
521 1506 612 1562 neque
625 1495 712 1562 grata,
728 1503 802 1541 nuno
816 1494 842 1541 et

267 1569 388 1625 divitum
399 1567 504 1622 mensis
514 1572 542 1622 et
552 1564 641 1621 amica
652 1561 774 1635 templis,

270 1646 316 1701 dio
326 1644 433 1707 modos,
446 1641 521 1715 Lyde
533 1640 638 1712 quibus
649 1638 802 1694 obstinatas

340 1718 462 1791 applicet
475 1732 571 1783 aures5
794 1724 799 1739 ·

267 1829 349 1883 quae,
361 1809 439 1866 velut
452 1808 515 1863 latis
525 1824 597 1881 equa
608 1805 689 1862 trimo
700 1804 806 1877 campis
876 1862 878 1870 ,

267 1887 339 1943 ludit
348 1884 480 1941 exsultim
491 1882 645 1953 metuitque
656 1880 743 1953 tangi,

267 1963 427 2035 nuptiarum
439 1976 539 2029 expers
551 1966 578 2011 et
589 1956 681 2011 adhuc
691 1962 819 2027 protervo

340 2034 426 2092 cruda
438 2034 547 2088 mariio.

267 2132 307 2185 Tu
317 2137 395 2201 potes
409 2122 494 2199 tigres
505 2122 677 2194 comitesque
687 2120 774 2176 siivas

268 2205 370 2260 ducere
380 2212 407 2258 et
417 2203 493 2256 rivos
504 2200 608 2254 celeres
620 2194 731 2252 morari.

188 2296 196 2306 ’
268 2280 358 2337 Cessit
368 2277 499 2334 immanis
513 2274 565 2328 tibi
580 2270 735 2329 blandienti

339 2354 441 2408 ianitor
452 2350 541 2413 auiae,

268 2442 419 2503 Cerberus,
435 2438 565 2511 quamvis
576 2435 674 2491 iuriaie
686 2440 796 2489 centum

268 2518 394 2574 muniant
405 2530 510 2586 angues
521 2520 604 2583 caput
615 2512 685 2573 eius,
698 2518 780 2579 atque

266 2594 383 2663 spiritus
394 2599 462 2644 teter
472 2588 621 2656 saniesque
633 2592 725 2639 manet

344 2681 390 2719 ore
403 2662 540 2733 trilingui.

268 2756 340 2821 Quin
352 2763 380 2809 et
390 2754 467 2807 ixion
478 2754 630 2824 Tityosque
642 2749 720 2803 vultu

272 2832 332 2883 risit
343 2829 447 2892 invit03
459 2827 534 2879 stetit
547 2842 613 2878 urna
627 2822 749 2893 paullum

20 2956 99 3075 h
