<?xml version="1.0" encoding="UTF-8"?>
<!DOCTYPE html PUBLIC "-//W3C//DTD XHTML 1.0 Transitional//EN"
    "http://www.w3.org/TR/xhtml1/DTD/xhtml1-transitional.dtd">
<html xmlns="http://www.w3.org/1999/xhtml" xml:lang="en" lang="en">
 <head>
  <title>
</title>
<meta http-equiv="Content-Type" content="text/html;charset=utf-8" />
  <meta name='ocr-system' content='tesseract 3.04.00' />
  <meta name='ocr-capabilities' content='ocr_page ocr_carea ocr_par ocr_line ocrx_word'/>
</head>
<body>
  <div class='ocr_page' id='page_1' title='image "./qhoratiiflaccio05horagoog_0267.png"; bbox 0 0 2159 3150; ppageno 0'>
   <div class='ocr_carea' id='block_1_1' title="bbox 237 289 821 344">
    <p class='ocr_par' dir='ltr' id='par_1_1' title="bbox 237 289 821 344">
     <span class='ocr_line' id='line_1_1' title="bbox 237 289 821 344; baseline 0.022 -13"><span class='ocrx_word' id='word_1_1' title='bbox 237 289 316 332; x_wconf 72' lang='lat' dir='ltr'>bru.</span> <span class='ocrx_word' id='word_1_2' title='bbox 338 292 358 333; x_wconf 85' lang='lat' dir='ltr'>r.</span> <span class='ocrx_word' id='word_1_3' title='bbox 391 291 530 335; x_wconf 71' lang='lat' dir='ltr'>uersu.</span> <span class='ocrx_word' id='word_1_4' title='bbox 551 293 582 336; x_wconf 85' lang='lat' dir='ltr'>x.</span> <span class='ocrx_word' id='word_1_5' title='bbox 602 295 650 338; x_wconf 86' lang='lat' dir='ltr'>xr.</span> <span class='ocrx_word' id='word_1_6' title='bbox 769 290 821 344; x_wconf 76' lang='lat'>255</span> 
     </span>
    </p>
   </div>
   <div class='ocr_carea' id='block_1_2' title="bbox 60 389 877 1367">
    <p class='ocr_par' dir='ltr' id='par_1_2' title="bbox 63 389 736 464">
     <span class='ocr_line' id='line_1_2' title="bbox 63 389 736 464; baseline 0.012 -23"><span class='ocrx_word' id='word_1_7' title='bbox 63 406 116 441; x_wconf 86' lang='lat' dir='ltr'>nou</span> <span class='ocrx_word' id='word_1_8' title='bbox 130 401 255 458; x_wconf 76' lang='lat' dir='ltr'>equitem</span> <span class='ocrx_word' id='word_1_9' title='bbox 268 389 358 452; x_wconf 86' lang='lat' dir='ltr'>dorso,</span> <span class='ocrx_word' id='word_1_10' title='bbox 371 407 425 444; x_wconf 89' lang='lat' dir='ltr'>non</span> <span class='ocrx_word' id='word_1_11' title='bbox 438 391 547 446; x_wconf 86' lang='lat' dir='ltr'>lreuum</span> <span class='ocrx_word' id='word_1_12' title='bbox 557 392 667 464; x_wconf 78' lang='lat' dir='ltr'>depulit</span> <span class='ocrx_word' id='word_1_13' title='bbox 679 412 736 449; x_wconf 88' lang='lat' dir='ltr'>ore.</span> 
     </span>
    </p>

    <p class='ocr_par' dir='ltr' id='par_1_3' title="bbox 61 463 877 687">
     <span class='ocr_line' id='line_1_3' title="bbox 62 463 747 538; baseline 0.013 -22"><span class='ocrx_word' id='word_1_14' title='bbox 62 463 119 526; x_wconf 81' lang='lat' dir='ltr'>Sic,</span> <span class='ocrx_word' id='word_1_15' title='bbox 135 465 187 534; x_wconf 88' lang='lat' dir='ltr'>qui</span> <span class='ocrx_word' id='word_1_16' title='bbox 200 466 363 536; x_wconf 81' lang='lat' dir='ltr'><strong>pauperiem</strong></span> <span class='ocrx_word' id='word_1_17' title='bbox 375 466 490 530; x_wconf 84' lang='lat' dir='ltr'>veritus,</span> <span class='ocrx_word' id='word_1_18' title='bbox 507 468 612 538; x_wconf 87' lang='lat' dir='ltr'>potiore</span> <span class='ocrx_word' id='word_1_19' title='bbox 627 470 747 525; x_wconf 79' lang='lat' dir='ltr'>metallis</span> 
     </span>
     <span class='ocr_line' id='line_1_4' title="bbox 62 539 877 617; baseline 0.013 -25"><span class='ocrx_word' id='word_1_20' title='bbox 62 539 193 594; x_wconf 86' lang='lat' dir='ltr'>libertate</span> <span class='ocrx_word' id='word_1_21' title='bbox 206 547 289 604; x_wconf 87' lang='lat' dir='ltr'>caret,</span> <span class='ocrx_word' id='word_1_22' title='bbox 302 539 447 595; x_wconf 91' lang='lat' dir='ltr'>dominum</span> <span class='ocrx_word' id='word_1_23' title='bbox 460 542 542 596; x_wconf 85' lang='lat' dir='ltr'>vehet</span> <span class='ocrx_word' id='word_1_24' title='bbox 553 543 698 615; x_wconf 88' lang='lat' dir='ltr'>improbus</span> <span class='ocrx_word' id='word_1_25' title='bbox 710 554 793 617; x_wconf 82' lang='lat' dir='ltr'>atque</span> <span class='ocrx_word' id='word_1_26' title='bbox 850 555 877 604; x_wconf 83' lang='lat' dir='ltr'>lt</span> 
     </span>
     <span class='ocr_line' id='line_1_5' title="bbox 61 617 688 687; baseline 0.01 -19"><span class='ocrx_word' id='word_1_27' title='bbox 61 617 167 669; x_wconf 85' lang='lat' dir='ltr'>serviet</span> <span class='ocrx_word' id='word_1_28' title='bbox 179 624 332 679; x_wconf 86' lang='lat' dir='ltr'>aeternum,</span> <span class='ocrx_word' id='word_1_29' title='bbox 345 617 411 687; x_wconf 90' lang='lat' dir='ltr'>quia</span> <span class='ocrx_word' id='word_1_30' title='bbox 423 633 508 687; x_wconf 85' lang='lat' dir='ltr'>parvo</span> <span class='ocrx_word' id='word_1_31' title='bbox 519 619 626 674; x_wconf 82' lang='lat' dir='ltr'>nesciet</span> <span class='ocrx_word' id='word_1_32' title='bbox 636 621 688 674; x_wconf 92' lang='lat' dir='ltr'>uti.</span> 
     </span>
    </p>

    <p class='ocr_par' dir='ltr' id='par_1_4' title="bbox 61 691 728 759">
     <span class='ocr_line' id='line_1_6' title="bbox 61 691 728 759; baseline 0.006 -14"><span class='ocrx_word' id='word_1_33' title='bbox 61 691 113 746; x_wconf 89' lang='lat' dir='ltr'>Cui</span> <span class='ocrx_word' id='word_1_34' title='bbox 126 708 181 745; x_wconf 90' lang='lat' dir='ltr'>non</span> <span class='ocrx_word' id='word_1_35' title='bbox 197 692 344 746; x_wconf 84' lang='lat' dir='ltr'>conveniet</span> <span class='ocrx_word' id='word_1_36' title='bbox 353 708 403 746; x_wconf 86' lang='lat' dir='ltr'>sua</span> <span class='ocrx_word' id='word_1_37' title='bbox 415 709 468 756; x_wconf 85' lang='lat' dir='ltr'>res,</span> <span class='ocrx_word' id='word_1_38' title='bbox 484 701 514 748; x_wconf 90' lang='lat' dir='ltr'>ut</span> <span class='ocrx_word' id='word_1_39' title='bbox 528 693 639 748; x_wconf 84' lang='lat' dir='ltr'>calceus</span> <span class='ocrx_word' id='word_1_40' title='bbox 649 695 728 759; x_wconf 79' lang='lat' dir='ltr'>olim,</span> 
     </span>
    </p>

    <p class='ocr_par' dir='ltr' id='par_1_5' title="bbox 61 765 753 837">
     <span class='ocr_line' id='line_1_7' title="bbox 61 765 753 837; baseline 0.01 -18"><span class='ocrx_word' id='word_1_41' title='bbox 61 769 86 820; x_wconf 89' lang='lat' dir='ltr'>si</span> <span class='ocrx_word' id='word_1_42' title='bbox 99 765 171 837; x_wconf 86' lang='lat' dir='ltr'>pede</span> <span class='ocrx_word' id='word_1_43' title='bbox 184 766 272 820; x_wconf 90' lang='lat' dir='ltr'>maior</span> <span class='ocrx_word' id='word_1_44' title='bbox 282 767 343 830; x_wconf 77' lang='lat' dir='ltr'>erit.</span> <span class='ocrx_word' id='word_1_45' title='bbox 356 765 513 835; x_wconf 86' lang='lat' dir='ltr'>subvertet;</span> <span class='ocrx_word' id='word_1_46' title='bbox 529 770 665 835; x_wconf 75' lang='lat' dir='ltr'>simiam,</span> <span class='ocrx_word' id='word_1_47' title='bbox 682 781 753 826; x_wconf 88' lang='lat' dir='ltr'>uret.</span> 
     </span>
    </p>

    <p class='ocr_par' dir='ltr' id='par_1_6' title="bbox 60 842 670 914">
     <span class='ocr_line' id='line_1_8' title="bbox 60 842 670 914; baseline 0.007 -18"><span class='ocrx_word' id='word_1_48' title='bbox 60 844 165 896; x_wconf 84' lang='lat' dir='ltr'>Laetus</span> <span class='ocrx_word' id='word_1_49' title='bbox 176 851 250 896; x_wconf 85' lang='lat' dir='ltr'>sorte</span> <span class='ocrx_word' id='word_1_50' title='bbox 262 851 308 896; x_wconf 84' lang='lat' dir='ltr'>tua</span> <span class='ocrx_word' id='word_1_51' title='bbox 319 842 399 897; x_wconf 87' lang='lat' dir='ltr'>vives</span> <span class='ocrx_word' id='word_1_52' title='bbox 409 843 558 914; x_wconf 79' lang='lat' dir='ltr'>sapienter,</span> <span class='ocrx_word' id='word_1_53' title='bbox 574 843 670 910; x_wconf 75' lang='lat' dir='ltr'>Aristi,</span> 
     </span>
    </p>

    <p class='ocr_par' dir='ltr' id='par_1_7' title="bbox 61 916 876 1143">
     <span class='ocr_line' id='line_1_9' title="bbox 61 916 876 991; baseline 0.007 -19"><span class='ocrx_word' id='word_1_54' title='bbox 61 935 113 972; x_wconf 87' lang='lat' dir='ltr'>neo</span> <span class='ocrx_word' id='word_1_55' title='bbox 124 934 169 971; x_wconf 90' lang='lat' dir='ltr'>me</span> <span class='ocrx_word' id='word_1_56' title='bbox 181 916 306 970; x_wconf 81' lang='lat' dir='ltr'><strong>dimittes</strong></span> <span class='ocrx_word' id='word_1_57' title='bbox 321 918 526 990; x_wconf 82' lang='lat' dir='ltr'>incastigatum,</span> <span class='ocrx_word' id='word_1_58' title='bbox 539 919 589 974; x_wconf 92' lang='lat' dir='ltr'>ubi</span> <span class='ocrx_word' id='word_1_59' title='bbox 599 920 679 991; x_wconf 88' lang='lat' dir='ltr'>plura</span> <span class='ocrx_word' id='word_1_60' title='bbox 849 931 876 978; x_wconf 75' lang='lat'>45</span> 
     </span>
     <span class='ocr_line' id='line_1_10' title="bbox 61 995 777 1066; baseline 0.01 -21"><span class='ocrx_word' id='word_1_61' title='bbox 61 1010 172 1066; x_wconf 81' lang='lat' dir='ltr'>cogere,</span> <span class='ocrx_word' id='word_1_62' title='bbox 184 1009 269 1063; x_wconf 90' lang='lat' dir='ltr'>quam</span> <span class='ocrx_word' id='word_1_63' title='bbox 280 995 347 1047; x_wconf 88' lang='lat' dir='ltr'>satis</span> <span class='ocrx_word' id='word_1_64' title='bbox 359 1002 408 1057; x_wconf 87' lang='lat' dir='ltr'>est,</span> <span class='ocrx_word' id='word_1_65' title='bbox 423 1011 454 1047; x_wconf 87' lang='lat' dir='ltr'>ac</span> <span class='ocrx_word' id='word_1_66' title='bbox 466 1011 519 1048; x_wconf 89' lang='lat' dir='ltr'>nou</span> <span class='ocrx_word' id='word_1_67' title='bbox 531 1012 639 1050; x_wconf 84' lang='lat' dir='ltr'>cessare</span> <span class='ocrx_word' id='word_1_68' title='bbox 651 996 777 1053; x_wconf 86' lang='lat' dir='ltr'>videbor.</span> 
     </span>
     <span class='ocr_line' id='line_1_11' title="bbox 61 1069 719 1143; baseline 0.006 -21"><span class='ocrx_word' id='word_1_69' title='bbox 61 1071 184 1141; x_wconf 81' lang='lat' dir='ltr'>Imperat</span> <span class='ocrx_word' id='word_1_70' title='bbox 196 1076 242 1122; x_wconf 89' lang='lat' dir='ltr'>aut</span> <span class='ocrx_word' id='word_1_71' title='bbox 253 1069 339 1123; x_wconf 88' lang='lat' dir='ltr'>servit</span> <span class='ocrx_word' id='word_1_72' title='bbox 349 1070 463 1124; x_wconf 87' lang='lat' dir='ltr'>collecta</span> <span class='ocrx_word' id='word_1_73' title='bbox 475 1071 595 1140; x_wconf 85' lang='lat' dir='ltr'>pecunia</span> <span class='ocrx_word' id='word_1_74' title='bbox 606 1072 719 1143; x_wconf 87' lang='lat' dir='ltr'>cuique,</span> 
     </span>
    </p>

    <p class='ocr_par' dir='ltr' id='par_1_8' title="bbox 60 1143 876 1367">
     <span class='ocr_line' id='line_1_12' title="bbox 61 1143 793 1217; baseline 0.007 -19"><span class='ocrx_word' id='word_1_75' title='bbox 61 1155 166 1198; x_wconf 87' lang='lat' dir='ltr'>tortum</span> <span class='ocrx_word' id='word_1_76' title='bbox 180 1143 266 1216; x_wconf 82' lang='lat' dir='ltr'>digna</span> <span class='ocrx_word' id='word_1_77' title='bbox 281 1146 361 1216; x_wconf 92' lang='lat' dir='ltr'>sequi</span> <span class='ocrx_word' id='word_1_78' title='bbox 374 1146 466 1217; x_wconf 87' lang='lat' dir='ltr'>potius</span> <span class='ocrx_word' id='word_1_79' title='bbox 477 1162 561 1216; x_wconf 91' lang='lat' dir='ltr'>quam</span> <span class='ocrx_word' id='word_1_80' title='bbox 573 1147 675 1201; x_wconf 84' lang='lat' dir='ltr'>ducere</span> <span class='ocrx_word' id='word_1_81' title='bbox 686 1147 793 1203; x_wconf 88' lang='lat' dir='ltr'>iuuem.</span> 
     </span>
     <span class='ocr_line' id='line_1_13' title="bbox 61 1219 779 1294; baseline 0.007 -20"><span class='ocrx_word' id='word_1_82' title='bbox 61 1221 135 1274; x_wconf 85' lang='lat' dir='ltr'>llaec</span> <span class='ocrx_word' id='word_1_83' title='bbox 149 1219 202 1274; x_wconf 87' lang='lat' dir='ltr'>tibi</span> <span class='ocrx_word' id='word_1_84' title='bbox 217 1219 357 1274; x_wconf 80' lang='lat' dir='ltr'>dictabam</span> <span class='ocrx_word' id='word_1_85' title='bbox 370 1229 431 1291; x_wconf 88' lang='lat' dir='ltr'>post</span> <span class='ocrx_word' id='word_1_86' title='bbox 443 1219 537 1275; x_wconf 86' lang='lat' dir='ltr'>fanum</span> <span class='ocrx_word' id='word_1_87' title='bbox 548 1232 629 1294; x_wconf 86' lang='lat' dir='ltr'>putre</span> <span class='ocrx_word' id='word_1_88' title='bbox 641 1223 779 1288; x_wconf 83' lang='lat' dir='ltr'>Vacunae,</span> 
     </span>
     <span class='ocr_line' id='line_1_14' title="bbox 60 1294 876 1367; baseline 0.006 -18"><span class='ocrx_word' id='word_1_89' title='bbox 60 1304 179 1367; x_wconf 81' lang='lat' dir='ltr'>excepto</span> <span class='ocrx_word' id='word_1_90' title='bbox 193 1294 269 1367; x_wconf 91' lang='lat' dir='ltr'>quod</span> <span class='ocrx_word' id='word_1_91' title='bbox 281 1312 335 1350; x_wconf 90' lang='lat' dir='ltr'>nou</span> <span class='ocrx_word' id='word_1_92' title='bbox 346 1296 430 1350; x_wconf 89' lang='lat' dir='ltr'>simul</span> <span class='ocrx_word' id='word_1_93' title='bbox 443 1313 528 1361; x_wconf 84' lang='lat' dir='ltr'>esses,</span> <span class='ocrx_word' id='word_1_94' title='bbox 541 1308 647 1352; x_wconf 88' lang='lat' dir='ltr'>caetera</span> <span class='ocrx_word' id='word_1_95' title='bbox 660 1299 759 1354; x_wconf 83' lang='lat' dir='ltr'>laetus.</span> <span class='ocrx_word' id='word_1_96' title='bbox 850 1310 876 1353; x_wconf 76' lang='grc' dir='ltr'>5ο</span> 
     </span>
    </p>
   </div>
   <div class='ocr_carea' id='block_1_3' title="bbox 258 1497 625 1659">
    <p class='ocr_par' dir='ltr' id='par_1_9' title="bbox 258 1497 625 1659">
     <span class='ocr_line' id='line_1_15' title="bbox 258 1497 625 1559; baseline -0.003 -1"><span class='ocrx_word' id='word_1_97' title='bbox 258 1500 282 1558; x_wconf 89' lang='lat' dir='ltr'>E</span> <span class='ocrx_word' id='word_1_98' title='bbox 296 1500 317 1557; x_wconf 94' lang='lat' dir='ltr'>P</span> <span class='ocrx_word' id='word_1_99' title='bbox 331 1500 342 1558; x_wconf 94' lang='lat' dir='ltr'>l</span> <span class='ocrx_word' id='word_1_100' title='bbox 357 1499 378 1559; x_wconf 86' lang='lat' dir='ltr'>S</span> <span class='ocrx_word' id='word_1_101' title='bbox 393 1501 415 1558; x_wconf 90' lang='lat' dir='ltr'>T</span> <span class='ocrx_word' id='word_1_102' title='bbox 431 1499 455 1559; x_wconf 93' lang='grc' dir='ltr'>Ο</span> <span class='ocrx_word' id='word_1_103' title='bbox 471 1501 491 1558; x_wconf 87' lang='lat' dir='ltr'>L</span> <span class='ocrx_word' id='word_1_104' title='bbox 505 1497 530 1559; x_wconf 87' lang='lat' dir='ltr'><strong>A</strong></span> <span class='ocrx_word' id='word_1_105' title='bbox 574 1500 625 1558; x_wconf 81' lang='lat' dir='ltr'>xl.</span> 
     </span>
     <span class='ocr_line' id='line_1_16' title="bbox 308 1618 573 1659; baseline 0.004 -2"><span class='ocrx_word' id='word_1_106' title='bbox 308 1618 351 1659; x_wconf 76' lang='lat' dir='ltr'>AD</span> <span class='ocrx_word' id='word_1_107' title='bbox 366 1618 573 1659; x_wconf 72' lang='lat' dir='ltr'>abutauruu.</span> 
     </span>
    </p>
   </div>
   <div class='ocr_carea' id='block_1_4' title="bbox 61 1823 827 1931">
    <p class='ocr_par' dir='ltr' id='par_1_10' title="bbox 61 1823 827 1931">
     <span class='ocr_line' id='line_1_17' title="bbox 61 1823 827 1867; baseline 0.004 -11"><span class='ocrx_word' id='word_1_108' title='bbox 61 1824 229 1865; x_wconf 65' lang='lat' dir='ltr'>peregrinantem</span> <span class='ocrx_word' id='word_1_109' title='bbox 238 1828 306 1867; x_wconf 65' lang='lat' dir='ltr'>rogat,</span> <span class='ocrx_word' id='word_1_110' title='bbox 321 1823 418 1866; x_wconf 81' lang='lat' dir='ltr'>quomodo</span> <span class='ocrx_word' id='word_1_111' title='bbox 427 1824 466 1858; x_wconf 73' lang='lat' dir='ltr'>ulbl</span> <span class='ocrx_word' id='word_1_112' title='bbox 479 1824 569 1867; x_wconf 66' lang='lat' dir='ltr'>pluent:</span> <span class='ocrx_word' id='word_1_113' title='bbox 584 1827 671 1859; x_wconf 76' lang='lat' dir='ltr'>cetorum</span> <span class='ocrx_word' id='word_1_114' title='bbox 681 1833 721 1858; x_wconf 80' lang='lat' dir='ltr'>aon</span> <span class='ocrx_word' id='word_1_115' title='bbox 733 1834 759 1859; x_wconf 78' lang='lat' dir='ltr'>ex</span> <span class='ocrx_word' id='word_1_116' title='bbox 768 1825 827 1859; x_wconf 76' lang='lat' dir='ltr'>torrls</span> 
     </span>
     <span class='ocr_line' id='line_1_18' title="bbox 247 1888 642 1931; baseline 0 -10"><span class='ocrx_word' id='word_1_117' title='bbox 247 1888 363 1931; x_wconf 67' lang='lat' dir='ltr'>longinqui·</span> <span class='ocrx_word' id='word_1_118' title='bbox 372 1889 414 1931; x_wconf 78' lang='lat' dir='ltr'>peti</span> <span class='ocrx_word' id='word_1_119' title='bbox 423 1888 568 1923; x_wconf 69' lang='lat' dir='ltr'>testitudinem</span> <span class='ocrx_word' id='word_1_120' title='bbox 577 1888 642 1924; x_wconf 76' lang='lat' dir='ltr'>(louet.</span> 
     </span>
    </p>
   </div>
   <div class='ocr_carea' id='block_1_5' title="bbox 62 1962 877 2873">
    <p class='ocr_par' dir='ltr' id='par_1_11' title="bbox 63 1962 769 2040">
     <span class='ocr_line' id='line_1_19' title="bbox 63 1962 769 2040; baseline 0 -17"><span class='ocrx_word' id='word_1_121' title='bbox 63 1962 146 2034; x_wconf 72' lang='lat' dir='ltr'>Quia</span> <span class='ocrx_word' id='word_1_122' title='bbox 158 1968 210 2023; x_wconf 87' lang='lat' dir='ltr'>tibi</span> <span class='ocrx_word' id='word_1_123' title='bbox 224 1970 282 2025; x_wconf 89' lang='lat' dir='ltr'>visa</span> <span class='ocrx_word' id='word_1_124' title='bbox 294 1969 387 2033; x_wconf 85' lang='lat' dir='ltr'>Chios,</span> <span class='ocrx_word' id='word_1_125' title='bbox 400 1968 510 2029; x_wconf 80' lang='lat' dir='ltr'>Bullati,</span> <span class='ocrx_word' id='word_1_126' title='bbox 525 1978 645 2040; x_wconf 86' lang='lat' dir='ltr'>uotaque</span> <span class='ocrx_word' id='word_1_127' title='bbox 656 1969 769 2033; x_wconf 84' lang='lat' dir='ltr'>Lesbos,</span> 
     </span>
    </p>

    <p class='ocr_par' dir='ltr' id='par_1_12' title="bbox 62 2044 820 2267">
     <span class='ocr_line' id='line_1_20' title="bbox 62 2044 804 2117; baseline 0 -18"><span class='ocrx_word' id='word_1_128' title='bbox 62 2044 134 2115; x_wconf 89' lang='lat' dir='ltr'>quid</span> <span class='ocrx_word' id='word_1_129' title='bbox 149 2046 285 2101; x_wconf 83' lang='lat' dir='ltr'>concinna</span> <span class='ocrx_word' id='word_1_130' title='bbox 298 2044 405 2109; x_wconf 84' lang='lat' dir='ltr'>Samos,</span> <span class='ocrx_word' id='word_1_131' title='bbox 420 2044 490 2116; x_wconf 88' lang='lat' dir='ltr'>quid</span> <span class='ocrx_word' id='word_1_132' title='bbox 505 2044 597 2099; x_wconf 84' lang='lat' dir='ltr'>Croesi</span> <span class='ocrx_word' id='word_1_133' title='bbox 610 2045 685 2117; x_wconf 79' lang='lat' dir='ltr'>regia</span> <span class='ocrx_word' id='word_1_134' title='bbox 697 2044 804 2110; x_wconf 79' lang='lat' dir='ltr'>Sardis,</span> 
     </span>
     <span class='ocr_line' id='line_1_21' title="bbox 63 2118 820 2194; baseline -0.003 -19"><span class='ocrx_word' id='word_1_135' title='bbox 63 2118 820 2194; x_wconf 85' lang='lat' dir='ltr'>SmyrnaquidetColophon‘lmaioramiuoranelama‘l</span> 
     </span>
     <span class='ocr_line' id='line_1_22' title="bbox 63 2193 820 2267; baseline 0 -18"><span class='ocrx_word' id='word_1_136' title='bbox 63 2206 201 2251; x_wconf 84' lang='lat' dir='ltr'>cunctane</span> <span class='ocrx_word' id='word_1_137' title='bbox 210 2196 386 2267; x_wconf 85' lang='lat' dir='ltr'>praeCampo</span> <span class='ocrx_word' id='word_1_138' title='bbox 396 2195 559 2251; x_wconf 88' lang='lat' dir='ltr'>etTiberino</span> <span class='ocrx_word' id='word_1_139' title='bbox 569 2193 820 2251; x_wconf 84' lang='lat' dir='ltr'>fluminesordeut‘l</span> 
     </span>
    </p>

    <p class='ocr_par' dir='ltr' id='par_1_13' title="bbox 63 2270 876 2417">
     <span class='ocr_line' id='line_1_23' title="bbox 63 2270 876 2335; baseline 0 -10"><span class='ocrx_word' id='word_1_140' title='bbox 63 2289 97 2326; x_wconf 87' lang='lat' dir='ltr'>an</span> <span class='ocrx_word' id='word_1_141' title='bbox 110 2272 229 2326; x_wconf 89' lang='lat' dir='ltr'>venitin</span> <span class='ocrx_word' id='word_1_142' title='bbox 242 2282 335 2327; x_wconf 83' lang='lat' dir='ltr'>votum</span> <span class='ocrx_word' id='word_1_143' title='bbox 348 2272 475 2327; x_wconf 79' lang='lat' dir='ltr'>Attalicis</span> <span class='ocrx_word' id='word_1_144' title='bbox 486 2289 521 2325; x_wconf 84' lang='lat' dir='ltr'>ex</span> <span class='ocrx_word' id='word_1_145' title='bbox 532 2270 650 2325; x_wconf 87' lang='lat' dir='ltr'>urbibus</span> <span class='ocrx_word' id='word_1_146' title='bbox 662 2289 726 2335; x_wconf 82' lang='lat' dir='ltr'>una,</span> <span class='ocrx_word' id='word_1_147' title='bbox 864 2282 876 2325; x_wconf 95' lang='grc'><strong>5</strong></span> 
     </span>
     <span class='ocr_line' id='line_1_24' title="bbox 63 2345 771 2417; baseline -0.003 -16"><span class='ocrx_word' id='word_1_148' title='bbox 63 2365 96 2401; x_wconf 86' lang='lat' dir='ltr'>an</span> <span class='ocrx_word' id='word_1_149' title='bbox 109 2347 254 2402; x_wconf 83' lang='lat' dir='ltr'>Lebedum</span> <span class='ocrx_word' id='word_1_150' title='bbox 267 2347 364 2402; x_wconf 89' lang='lat' dir='ltr'>laudas</span> <span class='ocrx_word' id='word_1_151' title='bbox 377 2347 442 2401; x_wconf 91' lang='lat' dir='ltr'>odio</span> <span class='ocrx_word' id='word_1_152' title='bbox 453 2348 537 2400; x_wconf 86' lang='lat' dir='ltr'>maris</span> <span class='ocrx_word' id='word_1_153' title='bbox 549 2355 631 2417; x_wconf 89' lang='lat' dir='ltr'>atque</span> <span class='ocrx_word' id='word_1_154' title='bbox 642 2345 771 2401; x_wconf 83' lang='lat' dir='ltr'>viarum‘l</span> 
     </span>
    </p>

    <p class='ocr_par' dir='ltr' id='par_1_14' title="bbox 63 2420 782 2563">
     <span class='ocr_line' id='line_1_25' title="bbox 63 2420 782 2495; baseline -0.001 -18"><span class='ocrx_word' id='word_1_155' title='bbox 63 2422 137 2487; x_wconf 77' lang='lat' dir='ltr'>Scis,</span> <span class='ocrx_word' id='word_1_156' title='bbox 151 2422 281 2478; x_wconf 89' lang='lat' dir='ltr'>Lebedus</span> <span class='ocrx_word' id='word_1_157' title='bbox 295 2421 366 2495; x_wconf 88' lang='lat' dir='ltr'>quid</span> <span class='ocrx_word' id='word_1_158' title='bbox 376 2424 413 2477; x_wconf 89' lang='lat' dir='ltr'>sit</span> <span class='ocrx_word' id='word_1_159' title='bbox 425 2442 431 2478; x_wconf 90' lang='lat'>:</span> <span class='ocrx_word' id='word_1_160' title='bbox 445 2422 543 2477; x_wconf 88' lang='lat' dir='ltr'>Gabiis</span> <span class='ocrx_word' id='word_1_161' title='bbox 554 2420 689 2476; x_wconf 86' lang='lat' dir='ltr'>desertior</span> <span class='ocrx_word' id='word_1_162' title='bbox 700 2432 782 2494; x_wconf 89' lang='lat' dir='ltr'>atque</span> 
     </span>
     <span class='ocr_line' id='line_1_26' title="bbox 64 2496 697 2563; baseline -0.003 -11"><span class='ocrx_word' id='word_1_163' title='bbox 64 2498 181 2553; x_wconf 85' lang='lat' dir='ltr'>Fidenis</span> <span class='ocrx_word' id='word_1_164' title='bbox 193 2500 286 2563; x_wconf 81' lang='lat' dir='ltr'>vicus3</span> <span class='ocrx_word' id='word_1_165' title='bbox 303 2509 393 2553; x_wconf 84' lang='lat' dir='ltr'>tamen</span> <span class='ocrx_word' id='word_1_166' title='bbox 405 2498 465 2552; x_wconf 90' lang='lat' dir='ltr'>illic</span> <span class='ocrx_word' id='word_1_167' title='bbox 477 2498 571 2552; x_wconf 86' lang='lat' dir='ltr'>vivere</span> <span class='ocrx_word' id='word_1_168' title='bbox 585 2496 697 2560; x_wconf 84' lang='lat' dir='ltr'>vellem,</span> 
     </span>
    </p>

    <p class='ocr_par' dir='ltr' id='par_1_15' title="bbox 63 2572 693 2645">
     <span class='ocr_line' id='line_1_27' title="bbox 63 2572 693 2645; baseline -0.002 -18"><span class='ocrx_word' id='word_1_169' title='bbox 63 2574 228 2645; x_wconf 88' lang='lat' dir='ltr'>oblitusque</span> <span class='ocrx_word' id='word_1_170' title='bbox 240 2592 363 2629; x_wconf 86' lang='lat' dir='ltr'>meorum</span> <span class='ocrx_word' id='word_1_171' title='bbox 374 2572 585 2628; x_wconf 89' lang='lat' dir='ltr'>obliviscendus</span> <span class='ocrx_word' id='word_1_172' title='bbox 597 2583 624 2627; x_wconf 88' lang='lat' dir='ltr'>et</span> <span class='ocrx_word' id='word_1_173' title='bbox 634 2572 693 2627; x_wconf 92' lang='lat' dir='ltr'>illis</span> 
     </span>
    </p>

    <p class='ocr_par' dir='ltr' id='par_1_16' title="bbox 63 2646 877 2873">
     <span class='ocr_line' id='line_1_28' title="bbox 63 2646 877 2721; baseline -0.002 -18"><span class='ocrx_word' id='word_1_174' title='bbox 63 2651 227 2721; x_wconf 84' lang='lat' dir='ltr'>Neptunum</span> <span class='ocrx_word' id='word_1_175' title='bbox 241 2650 337 2721; x_wconf 88' lang='lat' dir='ltr'>procul</span> <span class='ocrx_word' id='word_1_176' title='bbox 353 2659 448 2705; x_wconf 87' lang='lat' dir='ltr'>eterra</span> <span class='ocrx_word' id='word_1_177' title='bbox 460 2656 584 2719; x_wconf 86' lang='lat' dir='ltr'>spectare</span> <span class='ocrx_word' id='word_1_178' title='bbox 595 2646 742 2703; x_wconf 82' lang='lat' dir='ltr'>furentem.</span> <span class='ocrx_word' id='word_1_179' title='bbox 851 2658 877 2701; x_wconf 82' lang='lat'>1⁰</span> 
     </span>
     <span class='ocr_line' id='line_1_29' title="bbox 63 2722 820 2797; baseline -0.003 -18"><span class='ocrx_word' id='word_1_180' title='bbox 63 2724 120 2779; x_wconf 91' lang='lat' dir='ltr'>Sed</span> <span class='ocrx_word' id='word_1_181' title='bbox 132 2742 235 2797; x_wconf 89' lang='lat' dir='ltr'>neque,</span> <span class='ocrx_word' id='word_1_182' title='bbox 247 2726 297 2796; x_wconf 88' lang='lat' dir='ltr'>qui</span> <span class='ocrx_word' id='word_1_183' title='bbox 305 2724 398 2796; x_wconf 88' lang='lat' dir='ltr'>Capua</span> <span class='ocrx_word' id='word_1_184' title='bbox 404 2724 516 2779; x_wconf 89' lang='lat' dir='ltr'>Romam</span> <span class='ocrx_word' id='word_1_185' title='bbox 523 2724 602 2794; x_wconf 87' lang='lat' dir='ltr'>petit,</span> <span class='ocrx_word' id='word_1_186' title='bbox 611 2722 699 2778; x_wconf 85' lang='lat' dir='ltr'>imbre</span> <span class='ocrx_word' id='word_1_187' title='bbox 707 2724 820 2793; x_wconf 83' lang='lat' dir='ltr'>lutoque</span> 
     </span>
     <span class='ocr_line' id='line_1_30' title="bbox 63 2798 740 2873; baseline -0.004 -20"><span class='ocrx_word' id='word_1_188' title='bbox 63 2800 216 2873; x_wconf 83' lang='lat' dir='ltr'>adspersus</span> <span class='ocrx_word' id='word_1_189' title='bbox 229 2800 303 2855; x_wconf 85' lang='lat' dir='ltr'>volet</span> <span class='ocrx_word' id='word_1_190' title='bbox 313 2802 342 2853; x_wconf 90' lang='lat' dir='ltr'>in</span> <span class='ocrx_word' id='word_1_191' title='bbox 354 2816 478 2870; x_wconf 84' lang='lat' dir='ltr'>caupona</span> <span class='ocrx_word' id='word_1_192' title='bbox 490 2799 599 2861; x_wconf 87' lang='lat' dir='ltr'>vivere;</span> <span class='ocrx_word' id='word_1_193' title='bbox 618 2814 678 2859; x_wconf 82' lang='lat' dir='ltr'>neo,</span> <span class='ocrx_word' id='word_1_194' title='bbox 691 2798 740 2867; x_wconf 90' lang='lat' dir='ltr'>qui</span> 
     </span>
    </p>
   </div>
   <div class='ocr_carea' id='block_1_6' title="bbox 0 0 1084 3150">
    <p class='ocr_par' dir='ltr' id='par_1_17' title="bbox 0 0 1084 3150">
     <span class='ocr_line' id='line_1_31' title="bbox 0 0 1084 3150; baseline 0 0"><span class='ocrx_word' id='word_1_195' title='bbox 0 0 1084 3150; x_wconf 95' lang='lat' dir='ltr'> </span> 
     </span>
    </p>
   </div>
  </div>
 </body>
</html>
