2159 3150
396 291 531 337 LIBER
569 291 615 338 111.

167 410 235 449 rava
246 391 397 446 decurrens
409 391 473 462 lupa
486 392 630 448 Lanuvino

245 466 357 539 lataque
369 467 483 537 vulpes:

167 584 280 648 rumpat
290 584 317 630 et
327 593 442 647 serpens
455 578 508 630 iter
518 577 687 642 institutum,

166 652 193 705 si
204 668 254 723 per
262 650 411 722 obliquum
423 651 525 705 similis
534 651 652 724 sagittae

167 727 405 782 terruitmannos.
445 727 684 800 Egoeuitiruebo‚

244 799 380 872 providus
394 817 510 872 auspex,

167 919 316 981 antequam
327 919 431 964 stantes
443 919 547 982 repetat
557 909 675 982 paludes

166 986 303 1040 imbrium
313 985 410 1039 divina
421 986 483 1039 avis
496 986 701 1051 imnrinentum„

133 1058 137 1064 ’
166 1063 292 1116 oscinem
303 1077 417 1116 corvum
428 1077 510 1131 praee
518 1061 661 1116 suscitabo

241 1135 310 1190 solis
320 1135 356 1190 ab
366 1145 439 1190 ortu.

55 1278 62 1290 ·
168 1244 215 1300 Sis
227 1244 293 1299 licat
303 1243 382 1308 lalix,
394 1243 565 1316 ubicumque
577 1246 677 1310 mavis,

168 1329 196 1375 st
206 1337 313 1374 memor
323 1321 420 1384 nestri¹
432 1319 553 1382 Galatea,
565 1320 658 1388 vivas;

170 1404 253 1467 teque
264 1412 317 1450 nee
327 1395 424 1450 laevus
435 1402 509 1482 vetet
521 1396 562 1449 ire
572 1395 654 1466 pieus

246 1487 298 1525 nee
311 1487 382 1543 vaga
392 1487 499 1525 eorurx.

169 1579 225 1636 Sed
235 1579 326 1644 vides,
338 1590 442 1651 quanto
456 1579 575 1651 trepidet
588 1578 710 1637 tumultu

170 1654 380 1726 pronusOrion.
419 1656 487 1727 ligo,
499 1654 570 1726 quid
580 1656 617 1711 sit
627 1664 686 1711 ater

170 1731 287 1786 Hadriae
298 1732 365 1786 novi
377 1730 467 1794 sinus,
479 1729 585 1801 etquid
596 1730 678 1787 albus

245 1814 343 1877 peecet
355 1807 451 1879 iapyx.

170 1914 297 1969 Hostium
310 1930 410 1968 uxores
420 1916 558 1985 puerique
571 1931 667 1971 caecos

170 1989 293 2044 sentiant
302 1998 393 2043 motus
402 1989 517 2044 orientis
530 1989 625 2045 Austri
635 1998 663 2046 et

170 2066 301 2135 aequoris
314 2064 388 2137 nigri
402 2062 543 2120 fremitum
555 2072 741 2121 attramento·

246 2138 362 2194 verbere
372 2138 458 2211 ripas.

170 2238 219 2294 Sic
229 2249 257 2293 et
267 2240 377 2311 Europa
386 2241 501 2295 niveum
512 2240 608 2295 doloso

170 2314 293 2369 credidit
305 2323 384 2369 tauro
394 2314 476 2377 latus,
493 2325 519 2370 et
532 2324 682 2371 scatentem

171 2389 276 2445 belluis
287 2399 402 2461 pontum
416 2390 579 2461 mediasque
590 2389 702 2447 fraudes

246 2465 347 2537 palluit
357 2465 460 2521 audax.

172 2567 269 2636 Nuper
279 2566 307 2620 in
318 2568 405 2637 pratis
414 2565 539 2622 studiosa
550 2563 648 2621 florum
662 2574 689 2621 et
759 2616 765 2627 ,

175 2640 287 2696 debitae
297 2642 436 2715 Nymphis
447 2640 542 2712 opilex
553 2657 679 2706 coronae,

176 2725 256 2769 nocte
266 2715 402 2771 sublustri
415 2715 486 2771 nihil
498 2726 570 2771 astra
580 2725 690 2788 praeter

251 2790 471 2848 viditetundas.
