2159 3150
208 279 257 329 2ss
419 279 763 328 Episronnuvn'

208 383 324 438 invidus
335 382 448 438 alterius
461 386 606 437 macrescit
617 385 700 438 rebus
711 387 827 455 opuuis:

209 458 317 513 invidia
332 457 421 513 Siculi
433 477 486 512 non
499 462 630 514 invenere
642 461 750 532 tyranni

210 537 299 588 maius
311 545 489 588 tormentum.
524 534 578 600 Qui
591 552 643 588 non
656 535 845 590 moderabitur
856 537 923 598 irae,

63 675 67 682 ἱ
152 621 177 665 tt
208 609 342 665 iniectum
355 609 508 672 voietesse,
525 609 690 681 dolorquod
701 613 820 665 suaserit
831 622 857 664 ot
873 630 963 677 mens,

210 686 276 740 duni
288 703 391 756 poenas
401 685 466 740 odio
477 703 526 756 per
537 687 596 740 vim
609 685 721 741 festinat
732 687 831 742 inuito.

208 764 247 816 lra
260 760 336 815 iuror
347 761 441 815 brevis
452 769 507 816 est:
520 762 644 815 animum
656 779 733 834 rege;
745 763 795 833 qui
807 763 861 817 nisi
874 773 964 833 paret,

209 837 341 909 imperat:
359 836 434 890 hunc
445 835 541 900 irenis,
562 837 636 891 hune
646 846 675 891 tu
688 854 833 909 compesce
844 848 952 892 catena.

209 913 303 984 Fingit
314 929 417 984 equum
429 922 522 967 tenera
533 912 652 967 dociiem
664 914 773 967 cervice
784 915 917 986 magister

153 999 178 1043 tt
208 989 248 1042 ire
261 990 343 1051 viam,
362 1005 416 1058 qua
428 997 562 1042 monstret
575 1005 675 1059 eques;
693 990 845 1050 venaticus,
862 1006 967 1060 exquo

210 1073 332 1135 tempore
344 1063 484 1118 cervinam
497 1063 600 1134 peiiem
612 1064 723 1119 iatravit
735 1065 763 1118 in
776 1064 848 1125 auia,

210 1140 311 1194 militat
323 1141 351 1194 in
363 1139 444 1194 siivis
456 1140 575 1193 catuius.
607 1140 688 1194 Nunc
698 1139 800 1194 adhibe
812 1157 882 1212 puro

207 1223 318 1287 pectore
330 1215 414 1269 verba
427 1231 505 1286 puer,
518 1232 593 1269 nunc
604 1224 630 1270 te
642 1215 806 1269 melioribus
816 1214 893 1270 oiser.

210 1289 365 1356 Quosemei
378 1299 419 1345 est
430 1289 537 1344 imbuta
549 1307 646 1345 recens
657 1291 782 1345 servabit
791 1290 905 1346 odorem

153 1376 180 1419 tu
209 1375 278 1421 testa
292 1366 352 1420 diu.
384 1364 488 1432 Quodsi
500 1383 592 1420 cessas
603 1375 650 1421 aut
662 1375 793 1421 strenuus
806 1367 905 1429 anteis‚

210 1459 261 1496 nec
273 1441 382 1498 tardum
394 1443 523 1513 opperior
533 1459 584 1496 nec
594 1441 826 1514 praecedentibus
841 1443 926 1497 insto.

401 1668 675 1728 EPiSTOLA
717 1668 769 1728 iii.

362 1786 810 1827 Abiuuiuurnonuu

212 1998 294 2043 Quarti
302 2009 327 2036 ex
337 1998 395 2033 Floro
409 1998 452 2041 (qui
461 1998 562 2033 Tiberium
572 2007 590 2032 ι.
601 2000 635 2033 rat
649 1999 671 2032 in
680 1998 782 2033 Orientem
791 1998 897 2033 comitatur
907 2000 969 2042 eret),

248 2064 296 2107 quiri
309 2062 411 2105 Tiberius,
426 2062 473 2104 quid
480 2062 535 2105 ipse,
552 2062 600 2104 quid
610 2061 668 2097 amici
677 2064 750 2106 emt,
767 2063 918 2105 septenumque
926 2066 968 2096 riu-

250 2128 304 2163 tiiurrr
317 2126 440 2163 commendet
453 2128 474 2161 et
487 2128 510 2160 ut
523 2134 568 2161 cun
577 2126 665 2160 uun-tto
680 2125 702 2159 in
716 2126 801 2168 mum
814 2126 884 2161 redeat
899 2126 970 2161 berte·

249 2194 289 2226 tur.

214 2264 272 2329 iuli
287 2273 376 2335 Fiore,
389 2271 493 2343 quibus
505 2280 639 2327 terrarum
650 2272 752 2327 militet
764 2273 820 2327 oris

215 2348 350 2405 Claudius
361 2350 479 2421 Augusti
492 2348 651 2420 privignus,
663 2348 735 2402 scire
747 2346 851 2402 laboro.

214 2424 356 2479 Thracane
368 2442 416 2479 vos
427 2423 591 2495 Hebrusque
602 2422 689 2477 nivali
700 2423 967 2495 compedevinctus,

214 2518 248 2555 an
260 2498 327 2554 ireta
339 2499 447 2554 vicinas
456 2499 528 2554 inter
539 2500 677 2553 currentia
689 2508 788 2562 turres,

159 2586 172 2631 t
216 2593 251 2630 an
261 2575 381 2646 pingues
392 2574 474 2629 Asiae
486 2573 576 2645 campi
592 2574 733 2645 collesque
748 2572 908 2629 morantur?

216 2649 291 2716 Quid
301 2649 425 2704 studiosa
437 2650 534 2705 cohors
545 2667 660 2721 operum
672 2648 773 2705 struit?
790 2650 845 2704 lioc
856 2665 972 2721 quoque

660 2742 737 2779 curo.

216 2797 285 2865 Quis
296 2798 351 2853 sibi
364 2810 508 2873 res'gestas
520 2801 639 2873 Augusti
653 2800 776 2855 scribere
789 2797 894 2854 sumit?
