2159 3150
364 277 574 324 POETIGA.
796 275 846 328 305

85 381 133 444 Ut,
146 395 219 451 quae
233 377 386 433 conductae
396 379 506 450 plorant
515 379 545 434 in
558 378 664 443 funere¹
677 379 776 438 dicunt

87 465 117 511 et
127 454 234 510 faciunt
244 471 331 526 prope
341 454 421 526 plura
433 454 594 510 dolentibus
604 471 640 510 ex
650 457 757 513 animo:
773 457 817 512 sic

88 531 198 586 derisor
209 546 274 584 vero
285 529 351 601 plus
362 529 503 585 laudatore
517 538 655 587 movetur.

87 609 180 680 Reges
191 605 324 660 dicuntur
335 605 431 660 multis
445 623 546 678 urgere
555 605 670 661 oulullis

88 691 118 738 et
128 690 258 752 torquere
269 697 353 744 mero,
368 697 453 768 quem
465 682 644 770 perspexisse
655 680 790 744 laborent,
862 687 903 736 tte

89 759 174 813 ausit
188 755 310 811 amicitia
322 755 451 829 dignust'
462 758 487 810 si
502 758 624 812 carmine
636 755 749 820 condes,

89 849 244 903 numquam
256 840 283 886 te
293 829 391 886 fallant
401 832 487 887 animi
481 832 554 887 sub
565 832 651 904 vulpe
662 832 789 890 latentes.

89 908 245 975 Quinctilio
254 907 278 962 si
288 907 360 978 quid
368 908 511 970 recitares
527 907 663 980 »corrige
675 906 768 970 sodes,

89 984 172 1039 abac«
182 981 275 1038 aiebat
285 990 327 1039 set
337 982 399 1038 hoc.
402 1003 415 1036 ι
443 983 545 1040 Melius
556 991 582 1038 te
594 1000 675 1054 posse
686 999 804 1055 negares

91 1060 136 1114 bis
147 1069 245 1137 terque
256 1066 401 1130 expertum
414 1056 525 1122 frustra,
539 1057 633 1113 delere
642 1058 767 1122 iubebat,
862 1061 903 1110 ιιι

90 1144 118 1190 et
128 1128 202 1189 male
212 1142 333 1189 tornatos
343 1133 440 1190 incudi
452 1133 569 1188 reddere
583 1151 694 1188 versus

91 1210 122 1266 Si
131 1208 283 1264 defendere
294 1209 429 1264 delictum
440 1226 525 1282 quarn
536 1219 644 1265 vertere
658 1209 767 1273 malles,

90 1285 202 1340 nullum
220 1283 291 1340 ultra
305 1283 424 1340 verbum
436 1293 482 1342 aut
492 1302 605 1357 operam
616 1283 793 1340 insumebat
785 1302 848 1344 rna·

594 1377 668 1423 nem,

91 1438 161 1507 quin
173 1435 235 1490 sine
246 1434 328 1490 rivali
340 1443 422 1506 teque
434 1443 460 1490 et
470 1443 516 1490 tua
528 1435 605 1491 solus
615 1452 733 1490 amares.

90 1511 141 1566 Vir
155 1510 244 1565 bonus
256 1518 283 1564 et
292 1509 416 1583 prudens
429 1527 526 1564 versus
537 1510 723 1583 reprehendet
733 1511 847 1580 inertes,
862 1520 903 1570 tis

91 1586 220 1658 culpabit
231 1585 326 1650 duros
338 1588 468 1641 incomtis
479 1586 585 1642 adlinet
598 1596 688 1642 atrum

91 1676 253 1718 transverso
263 1661 369 1716 calamo
380 1662 503 1735 signum,
519 1663 667 1717 ambitiosa
677 1662 783 1719 recidet

91 1746 264 1800 ornaments,
280 1754 378 1809 parurn
390 1738 473 1793 claris
486 1736 576 1793 lucem
589 1738 655 1792 dare
665 1746 755 1810 coget,

92 1820 193 1886 arguet
202 1812 334 1885 ambigue
345 1811 461 1877 dictum,
477 1812 611 1868 mutanda
622 1812 738 1876 notabit,

94 1888 141 1943 fiet
151 1886 339 1943 Aristarchus.
365 1890 425 1941 Non
437 1887 524 1943 dicet:
542 1887 612 1943 »Cur
621 1904 673 1960 ego
684 1889 806 1942 amicum
864 1896 905 1943 tet

92 1962 246 2018 »offendam
258 1964 287 2018 in
298 1961 418 2036 nugisie
440 1965 496 2017 Hae
507 1980 598 2035 nugae
608 1963 681 2017 seria
691 1962 794 2017 ducent

92 2040 123 2093 in
133 2038 205 2093 maia
217 2037 341 2092 derisum
352 2036 439 2093 semei
450 2048 655 2111 exceptumque
666 2038 789 2093 sinistre.

92 2114 128 2169 Ut
138 2113 211 2168 mala
221 2130 306 2184 quem
317 2113 426 2168 scabies
438 2123 485 2169 eut
496 2114 609 2169 morbus
622 2116 718 2186 regius
729 2122 810 2187 urget

93 2197 142 2243 aut
156 2187 293 2243 fanaticus
303 2205 378 2243 error
388 2197 414 2244 et
425 2188 559 2243 iracunda
569 2189 665 2249 Diana.

93 2280 230 2319 vesanum
241 2264 367 2337 tetigisse
378 2264 476 2319 timent
487 2262 656 2337 fugiuntque
666 2271 786 2334 poetam,
865 2268 905 2315 ιιι

93 2340 145 2410 qui
156 2342 282 2411 sapiunt;
299 2340 405 2411 agitem
414 2340 494 2411 pueri
509 2340 671 2410 incautique
681 2345 848 2409 sequuntur.

93 2415 155 2478 Hic,
168 2413 235 2468 dum
247 2414 379 2469 sublimis
391 2431 488 2471 versus
499 2422 624 2470 ructatur
633 2422 660 2469 et
670 2421 752 2478 errat,

93 2490 119 2544 si
130 2490 218 2544 veluti
231 2490 347 2544 merulis
358 2490 482 2545 intentus
492 2488 598 2546 decidit
611 2505 714 2559 auceps

93 2566 124 2619 in
135 2572 252 2636 puteum
265 2562 423 2632 foveamve3
442 2565 508 2620 licet
517 2564 707 2621 »Succurritee
718 2563 832 2635 longum
939 2607 943 2612 .

94 2638 197 2695 clamet
207 2640 249 2695 »10
260 2641 337 2695 cives
345 2640 372 2693 ιι
386 2657 440 2695 nen
451 2642 488 2696 sit
499 2640 549 2711 qui
560 2639 656 2695 tollere
665 2646 753 2693 curet.
865 2644 907 2691 tto

93 2714 123 2769 Si
138 2722 217 2771 curet
227 2716 292 2786 quis
302 2732 383 2787 opem
394 2713 465 2771 ferre
476 2723 502 2770 et
513 2715 659 2769 demittere
670 2712 775 2776 sunem,

93 2791 160 2863 »qui
172 2790 238 2853 scis,
252 2807 286 2844 an
297 2790 422 2862 prudens
433 2790 488 2844 huc
498 2806 529 2843 se
539 2789 688 2861 proiecerit
698 2796 781 2858 etque

133 2866 269 2921 neamus.
314 2882 317 2887 ·
