2159 3150
379 289 522 337 LIBER.

75 388 284 461 perambulabis
295 400 366 445 astra
377 390 456 445 sidus
467 408 593 447 aureum.

75 463 189 519 lniamis
201 464 321 519 Helenae
335 464 430 521 Castor
440 465 562 521 offensus
573 469 635 523 vioe

75 539 215 610 fraterque
226 540 319 613 magni
331 539 461 605 Castoris.
474 542 542 597 vieti
553 559 645 613 prece.

74 614 204 687 adempta
217 615 272 669 vati
286 614 434 671 reddidere
445 615 566 672 lumina:

73 699 99 746 st
110 698 151 754 tu,
163 698 242 762 potes
254 707 327 753 nam,
339 690 417 746 solve
428 708 472 747 me
483 690 633 758 dementia,

73 782 151 821 oneo
161 765 285 837 paternis
295 765 418 823 obsoleta
427 766 570 830 sordibus,

74 858 123 896 neo
134 840 165 895 in
176 840 315 911 sepulcris
326 858 480 913 pauperum
492 841 616 913 prudens
626 861 697 899 auus
711 873 713 879 ·

73 914 255 971 novendiales
265 915 403 987 dissipare
413 916 559 988 pulveresi

73 991 135 1046 Tibi
148 990 287 1063 hospitale
298 1000 395 1063 peetus
405 1000 432 1047 et
442 1008 531 1065 purae¹
539 1010 649 1059 manus,

73 1074 195 1139 tuusque
207 1074 304 1125 venter
315 1067 500 1131 Pactumeius.
513 1076 540 1123 et
553 1075 601 1129 tuo

73 1158 170 1199 cruore
181 1140 281 1197 rubros
291 1141 426 1197 obstetrix
437 1159 544 1214 pannos
556 1143 633 1209 iavit,

73 1225 227 1289 utcumque
241 1214 319 1273 iortis
330 1217 429 1273 exsilis
439 1234 588 1290 puerpera,

283 1361 428 1399 (ΞΔΝΙΒΙΔΕ
449 1330 623 1399 naseosslo.

71 1433 144 1501 Quid
155 1434 294 1490 obseratis
305 1435 421 1490 auribus
434 1434 529 1491 iundis
540 1433 656 1508 preces?

71 1512 131 1565 Non
146 1527 213 1565 saxa
226 1509 310 1565 nudis
320 1511 447 1566 surdiora
458 1512 562 1567 navitis

70 1587 221 1658 Neptunus
232 1585 286 1641 aito
297 1585 390 1646 tundit
400 1586 536 1642 hibernus
547 1587 616 1643 salo.

72 1661 182 1719 lnrtltus
193 1670 225 1717 ut
236 1669 265 1717 tu
278 1662 375 1716 riseris
389 1661 438 1718 Cot
459 1663 506 1717 ttia

72 1737 200 1812 vulgata,
213 1753 322 1791 sacrum
335 1736 416 1792 liberi
450 1734 597 1810 upidinisi

72 1821 98 1868 et
107 1811 259 1884 Exquilini
272 1811 397 1884 pontifex
410 1811 525 1868 venefici

71 1888 189 1960 impune
201 1895 232 1943 ut
242 1886 344 1943 Urbem
355 1887 466 1942 nomine
477 1887 604 1959 impleris
615 1883 694 1943 meoi

71 1961 146 2031 Quid
161 1961 293 2036 proderat
302 1962 406 2018 ditasse
416 1962 545 2035 Pelignus
557 1979 637 2026 anus,

72 2039 237 2095 velociusve
247 2038 395 2094 miscuisse
405 2034 547 2093 toxicum?

73 2114 128 2170 Sed
140 2113 264 2170 tardiora
275 2112 329 2168 iata
340 2121 366 2168 te
378 2112 448 2168 votis
459 2120 586 2181 maneut3

72 2193 183 2263 ingrata
195 2189 297 2243 misero
307 2189 364 2245 vita
375 2186 503 2243 ducenda
513 2196 556 2242 est
571 2188 599 2242 in
611 2186 673 2251 hoo,

73 2266 155 2320 novis
166 2273 197 2320 ut
208 2279 297 2336 usque
307 2271 439 2336 suppetas
451 2263 605 2319 laboribus.

73 2338 157 2412 Optat
168 2340 292 2411 quietern
303 2339 414 2412 Pelopis
425 2338 504 2394 iniidi
516 2347 604 2411 pater,

73 2433 162 2490 egeas
173 2414 456 2488 benignae'Tantaius
466 2430 577 2485 semper
587 2412 683 2485 dapis;

73 2499 150 2563 optat
161 2489 342 2545 Prometheus
350 2489 491 2562 obligatus
503 2489 577 2557 aliti;

74 2575 152 2638 optat
162 2582 294 2637 supremo
304 2565 439 2622 collocare
449 2563 589 2638 Sisyphus

76 2644 106 2696 in
117 2650 212 2697 monte
222 2657 338 2696 saxum:
353 2639 404 2696 sed
415 2648 508 2695 vetant
519 2639 595 2712 legas
606 2637 691 2693 iovis.

76 2717 161 2772 Voles
171 2715 254 2771 modo
263 2715 328 2772 altis
339 2714 452 2771 desilire
462 2713 597 2778 turribus,
699 2753 702 2759 .

78 2792 161 2848 modo
171 2809 238 2847 ense
249 2798 347 2863 pectus
357 2790 456 2852 Norico
471 2787 623 2850 recludere.
