2159 3150
281 295 361 338 nra.
381 295 398 339 1.
429 295 570 339 erasm.
589 296 630 340 ιιι.
784 291 835 344 eit

81 396 152 450 bella
162 396 229 464 quis
240 403 267 447 et
278 411 359 465 paces
371 393 485 467 longum
497 393 629 450 dillundit
639 396 666 448 iu
680 395 799 450 aevum‘l

80 469 150 536 Quid
163 469 265 533 Titius,
279 469 399 524 Romana
409 469 488 526 brevi
501 481 635 524 venturus
647 472 675 524 iu
686 488 743 536 ora,

80 544 221 599 Pindarici
234 542 317 599 fontis
327 547 376 616 qui
388 563 441 600 non
453 545 591 616 expalluit
601 546 731 614 haustae,
865 561 890 603 tu

80 619 206 674 fastidire
217 619 294 674 lacus
306 629 331 674 et
343 621 417 675 rivos
429 639 513 676 ausus
525 619 654 691 apertos‘.>

79 705 108 750 ut
118 692 213 749 valet‘l
229 703 259 749 ut
270 695 396 751 meminit
407 695 511 751 nostri‘l
531 696 671 751 fidibusne
684 697 789 752 latinis

79 770 226 826 Thebanos
238 779 332 842 aptare
342 770 438 826 modos
448 771 542 827 studet
552 773 665 843 auspice
677 773 765 836 Musa,

79 865 112 900 an
124 847 231 920 tragica
243 844 368 900 desaevit
381 855 408 900 et
419 847 588 919 ampullatur
598 847 626 900 in
638 845 713 901 arte?

79 921 152 987 Quid
164 920 236 975 mihi
248 921 346 976 Celsus
356 920 431 994 agit?
451 923 573 978 monitus
589 923 765 993 multumque
775 940 835 977 mo-

583 995 701 1061 nendus,
866 1010 892 1052 ιι

79 1072 204 1143 privatas
218 1082 246 1126 ut
256 1080 371 1143 quaerat
379 1089 447 1142 opes
458 1081 485 1126 et
496 1081 609 1145 tangere
621 1073 689 1127 vitet

79 1149 194 1218 scripta,
208 1146 349 1202 Palatinus
360 1163 554 1219 quaecumque
566 1148 671 1218 recepit
681 1146 793 1219 Apollo:

79 1239 124 1287 ne,
136 1223 162 1276 si
175 1221 244 1277 forte
255 1239 320 1276 suas
331 1223 481 1294 repetitum
492 1224 599 1278 venerit
609 1222 677 1276 olim

79 1315 151 1372 grex
161 1299 257 1353 avium
268 1297 387 1370 plumas,
401 1306 509 1352 moveat
518 1298 659 1352 cornicula
672 1298 758 1352 risum

80 1374 195 1429 furtivis
206 1373 307 1428 nudata
319 1374 469 1429 coloribus.
509 1375 571 1445 lpse
586 1372 656 1444 quid
667 1371 772 1427 audes‘?
866 1384 893 1426 20

80 1467 154 1522 quae
164 1447 582 1522 circumvolitasagilisthyma‘l
593 1449 710 1503 Nontibi
718 1465 836 1519 parvum

79 1526 238 1600 ingenium,
254 1541 309 1581 non
320 1525 457 1581 inanitum
468 1533 510 1579 est
519 1533 547 1580 et
558 1525 676 1596 turpiter
685 1523 804 1579 hirtum:

79 1620 130 1657 sau
142 1602 268 1674 linguam
278 1602 371 1655 causis
381 1602 468 1665 acuis,
481 1618 531 1656 seu
542 1600 632 1655 civica
643 1602 705 1655 iura

78 1678 250 1749 respondere
262 1693 352 1747 paras,
365 1694 415 1731 seu
425 1676 523 1731 condis
535 1675 656 1731 amabile
666 1692 788 1738 carmen,

80 1754 173 1825 prima
186 1749 257 1807 feres
270 1751 388 1807 hederae
400 1753 523 1807 victricis
534 1753 668 1825 praemia.
699 1750 806 1817 Quodsi
868 1760 894 1803 25

80 1826 187 1901 frigida
198 1844 326 1883 curarum
339 1826 458 1883 lementa
468 1828 626 1900 relinquere
637 1844 744 1899 posses,

81 1921 140 1975 quo
152 1913 179 1959 te
190 1903 318 1959 coelestis
329 1904 466 1974 sapientia
477 1902 601 1969 duceret,
613 1905 679 1958 ires.

80 1981 140 2035 linc
151 1996 233 2050 opus,
247 1975 838 2050 hocstudinmparviproperemusetampli‚

79 2057 106 2110 si
117 2055 227 2127 patriae
238 2054 377 2117 volumus,
389 2054 413 2108 si
426 2054 507 2109 nobis
519 2056 614 2109 vivere
623 2054 691 2108 cari.

80 2131 173 2185 Debes
185 2131 237 2185 hoe
248 2130 330 2185 etiam
342 2128 504 2193 rescribere,
515 2129 540 2183 si
550 2127 602 2183 tini
614 2145 706 2192 curae,
870 2135 897 2179 30

79 2214 205 2278 quantae
216 2206 372 2266 conveniat,
383 2205 537 2261 Munatius:
551 2221 585 2258 an
598 2203 751 2259 malesarta

79 2282 174 2356 gratia
186 2280 377 2353 nequidquam
388 2282 443 2335 coit
453 2288 480 2336 et
491 2276 678 2334 rescinditur?
697 2281 731 2334 At
743 2295 792 2332 vos

78 2376 132 2415 seu
149 2357 259 2413 calidus
270 2356 386 2429 sanguis
399 2372 449 2411 seu
463 2371 557 2411 rerum
570 2355 681 2409 inscitia
694 2361 775 2408 vexat

78 2434 220 2489 indomita
232 2433 341 2487 nervice
353 2430 434 2495 leros,
449 2430 622 2502 ubicumque
633 2429 755 2484 locorum

79 2509 192 2573 vivitis,
207 2506 318 2580 indigni
330 2506 482 2562 fraternum
494 2521 622 2577 rumpere
633 2503 740 2567 foedus,
872 2511 898 2555 tt

79 2587 211 2658 pascitur
222 2584 250 2637 in
263 2590 388 2637 vestrum
399 2580 520 2637 reditum
531 2581 624 2636 votiva
636 2582 766 2635 iuvenca.
