2159 3150
211 358 215 367 ,
302 302 438 354 ιιΒ.·ιῐ.
468 310 560 357 aar.
579 291 652 355 111.'
787 306 840 359 aut

82 428 210 464 »caecum
223 412 291 484 agit,
304 411 433 465 insanum
445 410 596 484 Chrysippi
607 411 730 482 porticus
740 421 768 469 at
777 430 847 487 grex

82 496 232 541 »autumat
271 486 344 541 Haeo
356 486 490 559 populos,
513 486 582 540 haee
592 503 707 559 magnos
721 487 838 544 lormula

583 577 672 636 reges,
864 572 891 622 tn

82 646 215 709 »excepto
228 637 364 708 sapiente,
376 645 462 691 tenet.
491 636 574 691 Nune
583 638 689 709 accipe,
701 654 787 709 quara

80 713 239 784 »desipiant
250 728 346 767 omnes
360 728 449 784 aequa
460 728 492 767 ao
501 720 540 774 tu,
555 713 605 784 qui
615 713 669 767 tibi
679 731 779 769 nomen

80 790 193 842 »insano
207 804 338 859 posuere.
368 787 452 843 Velut
462 788 554 852 silvis,
567 788 617 843 ubi
629 790 732 860 passim

79 865 222 935 »palantes
233 880 310 918 error
320 872 394 918 nerto
405 862 440 919 da
451 865 562 918 tramite
573 864 661 936 pellit,

79 940 141 994 »ille
153 940 357 1003 sinistrorsum,
365 938 413 993 hic
424 938 672 1001 dextrorsumabit,
681 941 835 997 unusutri·

530 1034 532 1039 ·
601 1032 636 1069 ua
862 1029 889 1073 tt
933 1035 936 1044 ¹

78 1108 178 1155 semor,
191 1090 240 1144 sed
256 1093 343 1145 variis
356 1090 452 1146 illudit
462 1032 603 1161 partibusll:
624 1089 677 1145 hoc
687 1098 713 1145 te

77 1166 175 1220 »crede
188 1167 270 1221 modo
281 1168 422 1230 insanum,
435 1164 525 1220 nihilo
538 1175 570 1220 ut
582 1167 733 1236 sapientior
742 1166 802 1231 ille,

78 1245 141 1313 »qui
153 1253 179 1296 ta
191 1242 309 1305 deridet,
322 1241 439 1297 caudam
451 1240 551 1297 trahat.
584 1242 633 1296 Est
643 1258 732 1315 genus
744 1258 831 1297 unum

76 1318 228 1373 »stultitiae
239 1317 362 1372 nihilum
373 1316 521 1373 metuenda
536 1318 669 1380 timentis,
685 1327 716 1372 ut
725 1318 815 1390 ignes,

77 1402 120 1448 »ut
131 1410 218 1465 rupes
228 1390 386 1465 fluviosque
395 1394 424 1447 in
436 1409 533 1464 campo
544 1392 653 1447 obstare
663 1401 807 1463 querutum
860 1405 888 1451 tt

76 1468 210 1523 »alterum
223 1479 249 1523 et
260 1469 327 1523 huic
337 1486 434 1523 varum
447 1478 473 1523 et
483 1468 742 1540 nihilosapientius,
749 1469 830 1541 ignes

75 1563 140 1618 »per
152 1544 261 1600 medios
273 1543 429 1616 fluviosque
441 1544 561 1599 ruentis:
577 1543 678 1598 clamet
688 1544 785 1608 amica,

76 1631 190 1684 amater,
204 1621 319 1675 honesta
333 1639 409 1676 soror
419 1639 482 1675 cum
494 1621 628 1692 cognatis,
642 1629 727 1692 pater,
741 1637 824 1677 uxor:

75 1697 398 1770 »alliclossaestingens
407 1697 543 1769 hicrupes
553 1697 687 1762 maxima3
700 1698 830 1751 servata«

75 1791 146 1828 anon
162 1773 252 1846 magis
264 1772 393 1835 audierit,
409 1790 493 1844 quam
504 1771 599 1827 Fufius
609 1771 704 1826 ebrius
713 1773 790 1837 olim,
859 1783 885 1829 tt

74 1866 179 1920 aquum
191 1847 308 1903 Ilionam
318 1848 446 1912 edormit,
460 1847 582 1903 Catienis
593 1847 671 1901 mille
682 1847 825 1904 ducentia:

72 1926 201 1986 uallatur,
214 1934 238 1978 te
248 1926 399 1993 appellata«
410 1923 605 1978 clamantibus.
622 1923 693 1976 lluio
703 1939 754 1996 ego
764 1923 830 1978 vul·

577 2015 628 2052 vus

71 2075 175 2130 »errori
188 2073 309 2129 similem
322 2085 451 2128 cunctum
463 2039 711 2129 insanirl'doeebo.

71 2151 196 2205 alnsauit
209 2159 315 2204 veteres
330 2159 433 2204 statuas
444 2151 627 2222 Damasippus
638 2148 768 2205 emendo:

71 2228 199 2299 »integer
210 2234 252 2280 est
266 2227 366 2280 mentis
377 2225 536 2296 Damasippi
551 2223 687 2279 creditor?
705 2225 785 2281 Esto:
823 2293 826 2299 ¹
856 2234 883 2283 ti

71 2303 219 2372 undecim,
235 2301 310 2372 quod
325 2317 476 2372 numquam
492 2300 592 2356 reddas
606 2301 717 2365 mihim«
735 2301 760 2355 si
775 2300 828 2356 tibi

577 2375 677 2439 diuam,

71 2463 156 2507 »tune
167 2454 284 2506 insanus
300 2453 364 2514 eris
377 2451 400 2505 si
413 2450 571 2522 acceperis?
584 2469 618 2506 an
629 2452 718 2524 magis
730 2469 826 2507 excors

71 2529 190 2582 »reiecta
202 2528 314 2600 praeda,
331 2544 415 2598 quam
429 2545 561 2598 praesens
571 2528 724 2582 Mercurius
739 2524 808 2583 lertl

72 2602 831 2665 »ScribedecemaNerio-nonestsatis‚addeCicutaa

70 2680 187 2734 »noalnsi
200 2679 309 2733 tabulas
324 2688 444 2740 centum,
456 2677 533 2732 mille
548 2678 619 2732 adde
630 2688 753 2745 catenaa;
854 2688 884 2733 tt

71 2755 205 2828 »effugiet
216 2765 307 2810 tamen
320 2753 388 2808 haec
398 2753 549 2808 sceleratus
561 2752 674 2807 vincula
684 2754 808 2807 Proteus.

71 2829 182 2897 »Quum
197 2832 291 2902 rapies
303 2831 331 2882 in
342 2829 388 2883 ius
399 2828 481 2882 malis
492 2827 628 2882 ridentem
641 2828 750 2889 alienis,
