2159 3150
237 314 283 363 ⁴80
473 306 736 363 sauru'auurr

233 420 393 489 impositum
406 420 481 471 suxis
497 418 549 471 late
559 418 741 472 candentibus
750 419 856 472 ,luxum

215 508 218 515 ·
233 496 291 549 lluc
302 504 433 547 venturus
445 503 501 546 erat
510 494 651 547 Maecenas
661 494 782 563 optimus
796 503 878 564 etque

235 570 375 631 Cocceius,
388 570 465 621 missi
478 570 585 639 maguis
596 568 630 622 de
640 568 724 623 rebus
736 578 851 642 uterque

235 645 326 716 legati,
339 661 450 697 aversos
460 644 534 697 soliti
546 660 708 715 componere
722 645 834 698 amicos.

176 732 203 773 uo
234 722 284 775 Hic
294 720 382 774 oculis
392 735 444 791 ego
454 720 532 791 nigra
547 720 616 773 meis
630 719 743 791 collyria
758 720 852 791 lippus

233 796 352 851 illinere.
383 796 486 849 Interea
499 796 639 849 Maecenas
649 794 853 865 advenitetque

232 870 377 930 Cocceius
393 868 543 940 Capitoque
553 871 636 925 simul
648 871 792 933 Fonteius
808 869 842 924 ad
855 887 979 943 unguem

235 946 321 1000 lactus
334 946 423 1005 homo
440 946 549 1008 Antoni,
563 962 615 1000 non
626 954 656 999 ut
666 963 754 1018 magrs
764 946 845 1008 alter
858 947 978 1000 amicus.

232 1012 343 1078 Fundos
353 1020 463 1074 Aufidio
472 1022 562 1076 Lusco
576 1032 699 1096 praetore
710 1022 827 1075 libenter

176 1109 202 1152 35
234 1097 417 1168 linquimus,'
410 1114 499 1151 insani
493 1091 632 1151 'ridentes
646 1097 768 1167 praemia
778 1095 896 1160 scribae,

233 1181 401 1245 praetextam
413 1182 439 1226 et
450 1172 660 1231 latumclavum
669 1189 828 1242 prunaeque
837 1171 977 1226 vatillum.

233 1251 262 1302 ln
275 1250 474 1304 Mamurrarum
487 1247 552 1302 lassi
563 1243 664 1301 deiude
679 1248 747 1301 urbe
761 1265 913 1308 manemus,

231 1326 344 1378 Murena
359 1323 505 1395 praebente
516 1322 638 1386 domum,
651 1322 782 1393 Capitone
792 1323 925 1376 culinam.

231 1400 339 1453 Postera
352 1399 401 1453 lux
409 1400 496 1453 oritur
506 1398 593 1452 multo
603 1400 773 1470 gratissima3
790 1415 910 1469 namque

176 1481 202 1527 lo
231 1475 336 1529 Plotius
348 1482 374 1527 et
387 1474 485 1528 Varius
497 1472 646 1528 Sinuessae
657 1474 846 1545 virgiliusque

191 1550 192 1553 ’
230 1558 390 1612 occurrunt.
404 1549 520 1613 animae,
535 1549 632 1622 quoles
644 1566 733 1620 neque
744 1550 920 1604 candidiores

231 1636 301 1679 terra
315 1625 387 1688 tulit,
400 1643 489 1696 neque
500 1629 564 1696 quis
577 1644 619 1679 me
630 1627 667 1680 sit
677 1625 831 1680 devinctior
841 1627 921 1680 alter.

232 1699 312 1772 Oqui
327 1701 488 1771 complexus
503 1711 529 1756 et
542 1701 643 1773 gaudie
654 1712 756 1771 qrranta
768 1700 894 1756 luerunt!

232 1777 275 1831 Nil
288 1794 338 1848 ego
348 1777 509 1832 contulerim
523 1777 644 1831 iucundo
655 1794 739 1830 sanus
750 1778 848 1831 amico,

174 1859 200 1904 lo
230 1853 355 1906 Proxima
367 1850 504 1922 Campano
515 1853 590 1922 ponti
603 1870 674 1923 quae
685 1852 791 1913 villula,
805 1861 907 1907 tectum
929 1861 933 1871 “

232 1928 368 1998 praebuit.
382 1937 408 1981 et
414 1927 535 1997 parochi,
544 1927 732 1998 quaedebent,
741 1927 977 2000 lignasalemque.

232 2003 301 2057 Hinc
313 2003 381 2057 muli
393 2001 501 2073 Capuae
511 2003 629 2058 clitellas
642 2014 762 2074 ternpore
770 2012 888 2074 ponunt.

229 2080 333 2133 Lusum
344 2079 365 2132 it
375 2079 531 2142 Maecenas,
548 2079 696 2133 dormitum
707 2096 758 2151 ego
768 2079 975 2152 virgiliusque:

229 2171 348 2225 namque
359 2153 414 2224 pila
429 2154 513 2226 lippis
525 2154 671 2209 inimicum
683 2164 709 2208 et
719 2155 816 2209 ludera
827 2154 933 2209 crudis.

176 2242 200 2282 eo
231 2229 300 2283 Hinc
310 2246 359 2284 nos
371 2228 476 2284 Cocceii
489 2231 588 2301 recipit
599 2231 760 2301 plenissima
774 2231 850 2291 villa,

230 2303 533 2376 quaesuperestCaudl
546 2323 694 2376 cauponas.
719 2306 979 2377 Nuncmihipaucis

232 2379 367 2435 Sarmenti
379 2398 490 2436 scurrae
501 2399 622 2454 pugnem
633 2384 771 2450 Messique
782 2381 889 2444 Cicirri,

230 2457 307 2510 Musa
320 2456 403 2510 velim
416 2473 564 2519 memores,
580 2469 606 2511 et
616 2474 671 2527 quo
683 2467 758 2526 patre
770 2469 849 2510 natus
860 2466 979 2528 uterque

230 2531 376 2585 contulerit
388 2532 459 2586 lites.
491 2532 573 2586 Messi
584 2533 719 2586 clarum
701 2550 788 2605 genus
799 2532 876 2597 Osci;

175 2618 200 2658 55
231 2606 366 2663 Sarmenti
377 2607 488 2662 domina
500 2617 602 2662 exstat:
619 2607 653 2662 ab
666 2608 710 2660 his
724 2608 875 2661 maioribus
886 2610 939 2662 orti

231 2679 266 2734 ad
277 2699 397 2751 puonam
410 2699 519 2736 venere
550 2683 625 2737 Prior
636 2683 809 2737 Sarmentus:
825 2685 911 2754 »Equi
924 2677 971 2738 te

169 2809 175 2824 ,
230 2772 304 2809 »esse
315 2721 366 2810 ferr
375 2757 505 2818 similem,
519 2757 607 2812 dicon
636 2759 776 2819 llidemus,
795 2760 891 2829 etipse

196 2873 198 2879 .
229 2831 361 2909 Messius:
375 2833 532 2902 »Accipim«
543 2844 626 2904 caput
636 2845 662 2887 et
671 2845 773 2888 movet.
785 2833 830 2897 »0,
840 2845 980 2888 tuacornu

1073 2496 1075 2587 l

1072 2606 1074 2735 l
