2159 3150
317 283 321 288 ·
374 269 510 316 uisura
530 237 591 314 ur.

342 528 413 588 OD
434 529 459 588 Ε
500 530 615 589 XXIV.

384 646 571 687 ruavaaos.

388 775 560 791 -ι--ι-

93 889 138 922 mai
152 887 251 922 raucita-
264 885 379 919 urium
393 884 465 927 cupido
478 885 613 929 unupatar,
627 885 700 920 nuliam
715 897 759 921 sne
771 888 855 923 salutaria

305 948 441 992 pmapopuu
449 948 540 983 Romanu
561 949 652 984 Maii-J.

134 1040 254 1104 lutactis
264 1045 423 1118 opulentior

172 1123 314 1178 thesauris
324 1121 447 1176 Arabum
458 1128 485 1175 et
498 1120 597 1176 divitis
609 1122 703 1178 indiae

134 1199 289 1254 caementis
298 1197 364 1252 lieet
373 1213 494 1267 occupes

173 1273 348 1348 Tyrrhenum
358 1289 440 1326 umus
451 1274 510 1326 tuis
520 1281 546 1326 ei
559 1290 634 1326 mare
645 1273 804 1344 Apulicum,

133 1352 160 1404 si
171 1349 233 1423 figit
243 1347 436 1403 adamantinos
896 1365 908 1407 5

172 1425 293 1479 summis
303 1421 457 1477 verticibus
468 1421 528 1476 dira
538 1423 696 1478 Necessitas

134 1500 241 1564 clavos,
257 1515 311 1554 non
323 1498 449 1552 animum
460 1507 546 1560 metu,

173 1593 229 1631 non
240 1573 337 1629 mortis
350 1573 458 1645 laqueis
469 1571 602 1644 expedies
612 1584 706 1647 eaput.

132 1650 310 1723 Campestres
320 1649 421 1704 melius
432 1648 562 1721 Scythae,

171 1743 291 1798 quorum
302 1724 426 1796 plaustra
439 1740 526 1796 vagas
536 1725 589 1778 rite
599 1723 713 1780 trabunt
723 1724 829 1793 domos,
881 1738 906 1781 1⁰

130 1804 235 1857 vivunt
245 1810 272 1855 et
281 1800 367 1873 rigidi
378 1800 473 1863 Getae¹

170 1881 313 1931 immutata
323 1874 428 1947 quibus
439 1876 536 1947 iugera
549 1874 652 1930 liberas

130 1952 230 2026 fruges
240 1960 268 2007 et
276 1951 403 2007 Cererem
416 1949 518 2014 ferunt,

170 2044 223 2083 nec
232 2026 341 2081 cultura
351 2026 443 2098 placet
454 2025 563 2098 longior
573 2041 673 2087 annua,

129 2102 353 2173 defunctumque
364 2100 509 2156 laboribus

170 2177 281 2249 aequali
293 2185 397 2232 recreat
407 2185 480 2231 sorte
491 2176 625 2231 vicarius.
703 2200 711 2213 ·

129 2254 194 2309 illio
207 2260 295 2307 matre
305 2251 465 2307 carentibus

168 2328 311 2401 privignis
324 2328 426 2383 mulier
436 2334 572 2399 temperat
581 2327 725 2389 innocens,

128 2422 183 2461 nec
193 2404 286 2459 dotata
297 2404 369 2477 regit
378 2404 470 2457 virum

169 2480 285 2543 coniux,
297 2496 349 2533 nec
359 2478 448 2533 nitido
459 2477 520 2531 fidit
530 2476 665 2531 adultero.

129 2557 185 2611 Dos
196 2563 238 2610 est
248 2571 348 2627 magna
360 2554 517 2625 parentium

168 2630 261 2685 virtus
270 2638 297 2685 et
308 2637 435 2684 metuens
446 2628 560 2682 alterius
573 2626 626 2680 viri

129 2715 206 2761 certo
217 2704 328 2759 foedere
342 2706 464 2767 castitas,

168 2790 196 2837 et
206 2797 321 2853 peccare
332 2779 410 2834 nefas
420 2786 467 2833 aut
476 2778 597 2848 pretium
609 2774 689 2828 mori.

129 2858 267 2912 Hormus.
633 2922 638 2933 .
668 2847 692 2901 G
