2159 3150
212 321 262 374 268
425 324 751 370 nulsionsuuu

211 426 372 499 Ambigitur
385 423 454 498 quid
468 422 563 481 anim?
581 423 676 480 Castor
684 426 769 551 scipt,
785 443 820 480 an
836 425 968 484 Dolichos

712 517 790 569 [³⁰⁸3

156 587 183 632 2⁰
212 574 393 631 Brundisium
404 575 508 630 hlinuol
519 572 621 628 melius
632 575 676 627 via
687 573 773 630 ducat
781 592 817 628 an
826 575 912 646 Appl.

212 648 300 718 Quem
314 649 556 712 damnosaVenus,
567 648 856 721 quempraacepsalea
866 649 965 716 nudat,

212 725 302 800 gloria
312 741 397 798 quem
406 740 489 796 supra
501 725 577 779 vires
587 731 615 779 et
624 725 707 778 vestit
720 734 747 779 et
758 724 848 796 ungit,

213 818 297 873 quem
307 809 382 856 tenet
393 798 501 873 argenti
510 799 574 854 sitis
584 798 741 870 importuna
752 797 907 870 famesque,

211 893 295 949 quem
307 874 475 948 paupertatis
487 873 577 945 pudor
589 881 616 928 et
627 873 706 946 fuga3
723 873 803 928 dives
818 875 926 930 amicus

155 962 183 1008 25
212 968 295 1023 saepe
308 950 404 1006 decem
415 949 493 1004 vitiis
502 949 664 1003 instructior
672 947 731 1004 odit
742 959 769 1004 et
782 949 884 1014 horret,

212 1035 269 1090 aut,
282 1026 306 1080 si
317 1042 372 1081 non
382 1024 450 1088 odit,
465 1025 580 1097 rogitas
591 1023 677 1077 veluti
689 1025 735 1096 pia
745 1034 832 1079 mater

211 1101 276 1174 plus
286 1117 369 1173 quam
379 1117 410 1154 se
421 1115 517 1170 sapere
529 1107 558 1153 et
565 1098 719 1153 virtutihus
729 1116 790 1153 esse
801 1099 922 1171 priorem

212 1174 283 1240 vult,
297 1183 323 1230 et
333 1176 372 1230 ait
384 1191 470 1247 prope
480 1191 560 1229 vera:
577 1175 680 1237 aldeae,
691 1174 857 1229 contendere
871 1174 939 1240 noli,

213 1249 374 1306 »stultitiam
385 1251 528 1322 patiuntur
540 1265 621 1320 opes;
637 1249 689 1303 tihi
700 1249 816 1320 parvula
828 1266 872 1303 res
882 1259 938 1305 cst:

155 1336 183 1381 tu
211 1333 283 1382 sarta
292 1325 371 1380 decet
379 1341 478 1380 sanum
489 1324 618 1379 comitem
630 1333 705 1396 logn3
719 1323 815 1378 desine
826 1341 937 1380 mecum

211 1408 329 1456 »certare
334 1421 355 1453 a
370 1398 547 1471 Eutrapelus,
559 1399 831 1469 cuicumquenocere
842 1398 963 1465 volebat,

212 1476 377 1531 vestimenta
388 1473 470 1529 dabat
480 1475 615 1546 pretiosa:
627 1472 725 1528 beatus
736 1476 811 1529 enim
822 1475 877 1529 iam

211 1568 275 1607 cum
286 1549 413 1622 pulchris
423 1550 527 1605 tunicis
537 1557 709 1605 sumetncva
724 1547 840 1605 consilia
850 1557 965 1623 etspos,

212 1626 332 1689 dormiat
341 1626 371 1681 in
384 1624 486 1690 lucem,
500 1634 591 1681 scorto
601 1634 747 1696 postponet
760 1625 908 1682 honestum

156 1712 182 1757 ts
211 1700 346 1766 cilicium,
358 1716 488 1757 nummos
498 1698 605 1757 alienos
615 1708 718 1771 pascet,
731 1730 771 1743 -
779 1699 814 1755 ad
827 1701 918 1757 imum

213 1776 306 1833 Thrax
315 1776 368 1831 erit
376 1784 424 1832 aut
432 1774 539 1831 olitoris
549 1785 613 1849 aget
622 1775 749 1829 mercede
758 1774 908 1830 caballum.

211 1851 350 1909 Arcanum
360 1867 456 1923 nsque.
463 1859 493 1907 tu
504 1849 672 1905 scrutaberis
682 1848 760 1905 illius
771 1867 915 1922 umquam,

213 1928 451 1999 commissumque
462 1934 538 2000 teges
549 1934 576 1980 st
587 1924 653 1980 vino
662 1934 750 1981 tortus
760 1934 788 1981 et
800 1926 851 1981 ira.

213 2004 327 2059 Noctua
338 2001 467 2058 laudabis
477 2000 571 2056 studia
579 2009 628 2055 aut
636 2000 727 2056 aliena
737 2000 896 2072 reprendes,

156 2084 184 2132 tn
213 2094 274 2141 nec,
287 2093 374 2150 quum
386 2077 481 2131 venari
491 2074 567 2132 volet
576 2074 635 2139 ille,
648 2085 772 2147 poemata
783 2093 898 2150 pangas.

213 2152 307 2209 Gratia
317 2153 360 2207 sic
373 2151 487 2207 lratrum
497 2154 690 2225 geminorum,
704 2151 872 2223 Amphionis
880 2159 967 2224 atquc

212 2226 300 2291 Zethi,
314 2225 448 2291 dissiluit,
463 2226 551 2281 donec
562 2233 692 2297 suspecta
701 2243 798 2282 severo

215 2303 347 2358 conticuit
361 2300 430 2375 lyra.
463 2301 603 2357 Fraternis
613 2301 731 2357 cessisse
741 2308 853 2373 putatur

213 2376 338 2433 moribus
347 2375 502 2449 Amphion:
521 2384 551 2432 tu
565 2375 633 2431 cede
643 2377 763 2447 potentis
772 2377 857 2432 amici

157 2458 184 2505 ts
214 2452 325 2507 lenibus
335 2452 472 2523 imperiis,
484 2452 650 2523 quotiesque
659 2451 889 2525 educetinagros
953 2507 958 2512 ,

213 2527 319 2581 Aetolis
328 2535 439 2582 onerata
450 2527 541 2599 plagis
550 2527 673 2581 iumenta
682 2542 831 2598 canesque,

213 2616 296 2672 surge
306 2609 333 2655 et
342 2600 510 2656 inhumanae
520 2602 630 2655 senium
640 2600 747 2673 depone
758 2600 902 2664 Camenae,

215 2691 314 2729 coenes
329 2683 360 2729 ut
374 2676 476 2745 pariter
490 2675 632 2748 pulmenta
644 2675 787 2731 laboribus
796 2685 883 2732 emta:

215 2748 482 2803 Romanissolemne
494 2751 563 2804 viris
573 2768 654 2821 opus,
667 2749 736 2806 utile
746 2749 834 2806 famae
880 2789 882 2792 -

161 2830 187 2876 tn
215 2822 345 2892 uitaeque
355 2830 382 2875 et
392 2823 535 2887 membris,
547 2828 708 2895 praesertim
718 2842 806 2897 quum
820 2826 914 2881 valcas
928 2834 957 2881 et
