2159 3150
405 289 542 335 LIBER
570 293 589 336 1.
839 295 872 346 23

161 384 189 440 ln
201 401 246 438 me
256 393 311 440 tota
322 404 405 440 ruens
419 389 512 444 Venus

198 457 319 532 Cyprum
334 461 470 531 deseruit;
483 481 534 519 nec
546 467 651 537 patitur
660 468 786 543 Scythas,
902 487 928 530 tn

158 540 186 587 et
196 535 286 588 versis
298 537 452 592 animosum
464 541 545 610 equis

196 609 326 682 Parthum
339 610 441 676 dicere,
459 631 508 668 nec
522 631 594 685 quae
604 616 675 671 nihii
686 619 811 675 attinent.
894 655 897 660 -

157 683 209 738 Hic
218 684 316 738 vivum
328 686 398 740 mibi
410 690 555 758 cespitem,
571 690 617 745 bic

195 758 340 825 verbenas,
353 763 444 832 pueri,
457 765 552 833 ponite
564 765 700 838 thuraque

156 832 226 900 bimi
241 851 304 888 cum
315 845 408 906 patera
419 839 502 892 meri:

193 917 311 964 mactata
322 911 415 967 veniet
426 912 515 967 lenior
526 913 625 969 hostia.

378 1153 494 1214 ODE
535 1157 596 1216 XX

267 1233 312 1308 ab
337 1269 361 1310 c.
385 1270 542 1314 cinnum
564 1261 824 1319 nuscanum.
880 1299 885 1304 -

462 1404 632 1416 ..-

155 1504 231 1539 Invltet
239 1515 283 1540 eun
292 1507 317 1540 ed
325 1509 438 1544 convivium
448 1511 528 1546 nlnime
539 1515 666 1547 animosum,
695 1514 752 1549 uon.
761 1515 824 1551 xvn.

148 1594 222 1658 Vile
236 1605 345 1675 potabis
355 1606 472 1663 modicis
483 1608 618 1665 Sabinum

148 1678 299 1744 cantharis,
313 1680 415 1737 Graeca
427 1684 501 1757 quud
514 1702 565 1757 ego
576 1686 637 1757 ipse
647 1695 716 1742 testa

147 1754 290 1809 conditum
303 1756 368 1821 levi,
381 1757 462 1813 datus
472 1760 501 1813 in
513 1760 619 1815 theatro

222 1846 309 1900 quum
322 1831 372 1886 tibi
384 1834 510 1904 plausus,

147 1937 211 1975 cere
225 1924 368 1979 Maecenas
379 1920 474 1997 eques,
491 1936 521 1981 ut
533 1929 638 1998 paterni

147 1993 273 2051 fluminis
284 2000 370 2070 ripae,
386 2002 470 2057 simui
483 2011 509 2057 et
520 2004 612 2057 iocosa

118 2112 128 2126 .
147 2070 276 2127 redderet
288 2074 385 2130 laudes
395 2076 447 2131 tibi
459 2078 583 2133 Vaticani

223 2149 325 2203 montis
336 2150 437 2224 imago.

147 2237 306 2295 Caecubum
318 2250 344 2296 et
354 2244 431 2314 prelo
442 2242 574 2300 domitam
589 2243 689 2300 Caleno

146 2320 178 2368 tu
188 2314 269 2370 bibes
279 2333 376 2386 uvam3
391 2336 450 2374 mea
462 2337 513 2374 nec
523 2320 655 2375 Falernae

146 2395 301 2461 temperent
312 2393 382 2447 vites
393 2411 482 2465 neque
494 2394 634 2450 Formiani

221 2466 319 2531 pocula
334 2468 429 2523 colica.
