2159 3150
524 277 710 334 onnnuu

503 458 620 518 ODE
661 457 725 518 XV.

344 574 444 615 ultum
460 573 502 613 AD
521 573 671 613 Panicum
689 572 890 616 vnalcntluit

440 641 482 680 DE
500 639 640 680 uxclclo
660 638 791 680 Tuom.

535 876 593 910 nau.
611 875 683 910 xnus

281 950 378 1013 Pastor
387 972 473 1027 quum
485 955 603 1010 traheret
616 972 664 1026 per
675 953 742 1010 lreta
754 955 871 1011 navibus

172 1080 176 1086 .
279 1032 368 1088 Idaeis
377 1030 497 1085 Helenen
508 1029 632 1101 perfidus
645 1028 792 1100 hospitam,

279 1108 386 1179 ingrato
396 1105 499 1160 celeres
510 1104 603 1159 obruit
612 1104 667 1158 otio

319 1188 423 1243 ventos,
436 1188 466 1233 ut
476 1187 585 1234 caneret
595 1178 651 1232 iera

180 1277 184 1283 '
279 1273 384 1328 Nereus
396 1269 462 1325 lata:
478 1270 562 1326 »Mala
573 1269 654 1323 ducis
664 1269 709 1322 avi
720 1268 842 1332 domum.

190 1383 197 1388 -
281 1363 363 1417 quam
374 1344 459 1399 multo
471 1352 575 1414 repetet
584 1344 697 1399 Graecia
712 1343 809 1407 milite,

206 1488 209 1493 .
280 1421 419 1476 coniurata
431 1427 491 1473 tuas
502 1435 630 1489 rumpere
642 1418 753 1488 nuptias

318 1502 343 1549 et
353 1509 467 1565 regnum
478 1493 579 1546 Priami
591 1500 680 1546 vetus.

280 1588 347 1649 Heu,
360 1586 424 1649 heu,
437 1584 556 1655 quantus
568 1585 657 1654 equis,
669 1590 789 1653 quantus
799 1582 876 1637 adest
887 1582 960 1638 viris

279 1660 376 1716 sudori
389 1666 491 1730 quanta
503 1676 597 1729 moves
611 1657 705 1713 lunera
715 1656 853 1712 Dardanae

279 1725 369 1809 geniti!
391 1734 447 1788 lam
457 1733 564 1806 galeam
575 1732 664 1786 Pallas
675 1740 702 1786 et
711 1730 807 1803 aegida

315 1825 467 1878 currusque
477 1815 503 1862 at
513 1807 619 1861 rabiem
630 1815 716 1877 parat.

279 1898 482 1971 Nequidquam,
495 1899 610 1954 Veneris
623 1896 762 1969 praesidio
775 1894 851 1951 lercx

279 1984 371 2046 pectes
382 1974 542 2037 caesariem,
554 1981 686 2045 grataque
698 1970 808 2026 leminis

276 2048 383 2104 imbelli
393 2048 497 2103 cithara
508 2048 630 2102 carmina
638 2046 758 2109 divides.

316 2122 503 2194 nequidquam
514 2122 634 2176 thalamo
643 2137 742 2193 graves

279 2215 371 2269 hastas
381 2223 407 2269 et
417 2213 514 2269 calami
526 2212 633 2283 spicula
644 2211 755 2267 Gnossii

277 2288 379 2345 vitabis
390 2290 601 2361 strepitumque,
613 2295 639 2341 et
649 2286 765 2341 celerem
776 2284 856 2354 sequi
927 2314 930 2318 ·

276 2363 400 2419 Aiacem:
415 2372 518 2426 tamen,
531 2362 584 2415 heu
594 2362 599 2415 l
611 2378 690 2415 serus
701 2358 838 2415 adulteros
917 2410 920 2416 .

305 2436 660 2509 vultuspulverecollines.
870 2430 873 2434 ’

276 2530 336 2584 Non
349 2528 519 2601 laertiaden,
533 2528 650 2581 exitium
660 2534 722 2581 tuae
747 2528 752 2536 ’

277 2603 377 2676 gentis,
391 2619 442 2656 non
452 2602 560 2673 Pylium
575 2603 686 2655 Nestora
697 2595 833 2670 respicis?

182 2714 185 2719 -
278 2679 379 2749 Urgent
390 2675 527 2746 impavidi¹
535 2684 561 2729 te
572 2673 740 2729 Salaminius

313 2754 426 2814 Teucer,
440 2758 465 2804 te
476 2748 623 2804 Sthenelus
633 2749 699 2802 scier
710 2766 723 2801 e
