2159 3150
220 301 271 355 284
439 305 765 353 nrrsnonuuunt

166 420 190 463 15
223 409 267 462 »in
279 407 363 462 scalis
374 405 465 470 latuit,
477 415 605 461 metuens
615 407 764 478 pendentis
775 408 936 468 habenaeaz

222 483 273 539 des
286 499 425 545 nummos,
438 493 554 555 excepta
566 483 638 537 nihil
649 492 675 538 te
686 486 710 538 si
722 483 788 558 luga
800 484 906 542 laedat:

220 560 269 615 illc
281 557 350 613 ierat
360 558 491 630 pretium,
504 575 611 629 poenae
620 576 748 624 securus,
758 561 869 632 opinor.

221 634 348 690 Prudens
358 634 451 689 emisti
462 634 611 704 vitiosum3
634 633 708 690 dicta
719 635 773 690 tibi
783 644 825 691 est
836 636 896 692 lex:

220 711 382 782 insequeris
392 718 484 765 tamen
496 708 573 764 hune
583 719 611 765 et
621 710 670 766 lite
681 711 797 765 moraris
807 710 926 783 iniqua?

163 796 191 841 2⁰
220 787 285 841 Dixi
295 803 340 840 me
349 786 462 859 pigrum
474 784 662 856 proficiscenti
676 787 739 850 tibi,
752 786 813 842 dixi

219 861 324 918 talibus
334 860 436 918 officiis
447 877 534 932 propo
546 879 686 925 mancum,
699 879 806 917 nemea
818 880 921 917 saevus

221 939 348 1012 iurgares
359 936 394 992 ad
406 946 432 992 te
441 937 516 1008 quod
529 939 646 1008 epistola
659 936 735 992 nulla
746 937 860 993 rediret.

221 1013 296 1080 Quid
305 1023 364 1068 tum
375 1012 492 1084 proieci,
505 1031 615 1068 mecum
632 1012 762 1068 facientia
772 1016 833 1069 iura

221 1091 245 1145 si
256 1100 350 1145 tamen
360 1087 496 1144 attentas?
509 1087 641 1156 Quereris
652 1089 979 1161 snperhocetiam‚quod

162 1176 189 1222 2⁵
222 1173 381 1239 exspectata
391 1165 444 1220 tibi
455 1181 509 1219 nou
522 1166 629 1220 mittam
641 1166 764 1220 earmina
774 1165 903 1220 mendax.

221 1241 333 1297 Luculli
345 1240 427 1296 miles
439 1240 555 1295 collecta
566 1242 670 1296 viatica
681 1240 778 1296 multis

219 1317 371 1381 aerumnis,
384 1317 475 1371 lassus
487 1315 555 1371 dum
566 1325 649 1371 noctu
659 1317 760 1381 stertit,
772 1315 807 1371 ad
818 1334 908 1372 assem

220 1393 390 1466 perdiderat;
398 1392 519 1465 posthoc
527 1392 802 1464 vehemenslupuset
810 1393 981 1449 sibiethosti

221 1470 309 1524 iratus
320 1469 433 1540 pariter,
446 1468 552 1523 ieiunis
565 1467 698 1524 dentibus
709 1485 782 1533 acer,

164 1555 190 1599 tc
216 1545 392 1618 praesidium
405 1543 499 1618 regale
510 1543 572 1601 loco
581 1543 694 1606 deiecit,
705 1552 736 1600 ut
746 1545 834 1608 aiunt,

220 1638 330 1677 summe
342 1622 449 1675 munito
460 1629 487 1676 et
498 1622 650 1677 multarum
661 1620 750 1676 divite
760 1638 864 1675 rerum.

220 1696 319 1753 Clarus
329 1695 365 1751 ob
377 1695 406 1751 id
418 1695 532 1761 iactum,
545 1697 628 1752 donis
638 1705 752 1752 ornatur
762 1696 896 1760 honestis,

221 1773 325 1844 accipit
335 1782 362 1827 et
372 1772 417 1827 bis
428 1772 500 1828 dena
511 1790 598 1845 super
606 1774 734 1828 sestertia
745 1777 902 1828 nummum.

220 1850 301 1905 Forte
311 1848 365 1904 sub
376 1847 429 1903 hoc
439 1858 552 1922 tempus
561 1849 708 1905 castellum
720 1857 842 1903 evenere
852 1856 964 1919 praetor

165 1934 191 1979 55
221 1926 315 1981 nescio
328 1924 406 1996 quod
415 1926 544 1997 cupiens,
558 1925 660 1981 hortari
671 1924 763 1995 coepit
772 1924 903 1979 eumdem

220 1999 982 2073 verbis,quaetimidoquoquepossentadderementcm:

222 2079 257 2141 al,
270 2077 351 2141 bone,
363 2095 419 2148 quo
430 2078 520 2132 virtus
530 2086 579 2132 tua
589 2088 616 2132 te
626 2085 715 2140 vocat,
727 2077 737 2130 i
747 2076 819 2148 pede
830 2076 930 2141 lausto,

222 2152 354 2227 »grandia
374 2153 480 2208 laturus
496 2154 659 2209 meritorum
679 2154 817 2281 praemial
832 2194 839 2207 .
853 2194 881 2207 ..
905 2151 982 2218 Quid

672 2236 730 2282 stas
752 2249 766 2279 a

220 2303 285 2359 Post
295 2303 365 2359 haee
374 2304 424 2359 ille
435 2311 523 2367 catus,
534 2304 718 2375 quantumvis
728 2304 865 2358 rusticus:
880 2302 962 2369 eluit,

166 2386 193 2433 tu
222 2379 341 2445 aihum,
353 2380 475 2451 quovis,
490 2380 540 2451 qui
551 2395 649 2433 aonam
662 2378 813 2449 perdidit«
822 2380 927 2450 inquit.

223 2456 325 2510 Romae
337 2455 437 2511 nutriri
450 2455 520 2509 milri
532 2455 650 2527 contigit
659 2463 743 2525 atque
753 2454 857 2517 doceri,

223 2530 311 2584 iratus
322 2530 415 2585 Graiis
425 2540 562 2602 quantum
573 2531 715 2585 nocuisset
725 2528 860 2585 Achillea.

223 2603 358 2659 adiecere
368 2604 457 2661 bonae
470 2606 567 2678 paullo
577 2606 642 2677 plus
654 2604 722 2660 artis
732 2605 866 2671 Athenae,

221 2678 332 2733 scilieet
343 2689 372 2734 ut
383 2696 492 2751 possem
504 2697 591 2735 curvo
601 2680 766 2754 dignoscere
777 2692 895 2747 rectum.

167 2757 193 2805 45
223 2761 306 2823 atque
316 2754 389 2808 inter
402 2756 489 2810 silvas
500 2756 633 2811 Academi
644 2773 778 2828 quaerere
788 2775 898 2813 vorum.

224 2827 295 2881 Dura
307 2827 357 2882 sed
368 2845 495 2885 emovere
509 2830 571 2886 loco
581 2848 625 2887 me
635 2840 759 2904 tempora
769 2842 858 2906 grato,
