2159 3150
264 279 296 333 ἀ
544 283 731 331 ΟΗΑΒΠΜ

337 402 379 439 res
390 384 537 446 ordinaris,
550 384 655 458 grande
669 403 772 441 munus

374 458 506 532 Cecropio
520 470 629 532 repetes
643 461 787 528 cothurno,

298 553 410 626 insigne
422 552 535 606 moestis
546 553 719 625 praesidium
731 555 787 609 reis

296 636 322 684 et
333 628 499 689 consulenti,
512 627 610 692 Pollio,
622 629 731 684 curiae:

332 704 378 758 cui
390 703 484 758 laurus
496 712 621 758 aeternos
633 703 749 759 honores

370 778 520 834 Dalmatico
531 779 641 850 peperit
651 779 805 852 triumpho.

294 873 350 928 lam
363 887 437 926 nunc
450 871 554 925 minaci
568 889 710 926 murmure
723 888 859 927 cornuum

295 947 462 1021 perstringis
474 963 569 1001 aures:
591 947 647 1001 iam
662 947 725 1002 litui
735 955 870 1021 strepunt,

330 1023 386 1077 iam
398 1021 490 1095 fulgor
500 1039 640 1077 armorum
651 1022 764 1096 fugaces

369 1105 453 1154 terret
463 1113 550 1169 equos
561 1099 745 1170 equitumque
757 1097 862 1173 vultus.

292 1189 398 1246 Audire
409 1206 524 1263 magnos
538 1191 593 1246 iam
605 1189 702 1246 videor
713 1189 800 1246 duces

291 1284 346 1323 non
357 1265 489 1321 indecoro
500 1266 617 1336 pulvere
626 1264 764 1329 sordidos,

329 1351 356 1397 et
366 1349 465 1396 cuncta
476 1349 611 1396 terrarum
621 1340 745 1404 subacta,

367 1424 475 1489 praeter
485 1425 605 1471 atrocem
616 1417 741 1471 animum
753 1415 875 1471 Catonis.

291 1509 359 1564 luno
369 1518 396 1564 et
407 1508 522 1564 deornm
533 1509 664 1581 quisquis
675 1509 790 1563 amicior

289 1585 364 1641 Afris
375 1586 463 1640 inulta
475 1594 597 1640 cesserat
608 1585 745 1655 impotens

327 1660 441 1725 tellure,
456 1660 595 1716 victorum
609 1670 721 1731 nepotes

363 1736 459 1792 retulit
469 1735 585 1791 inlcrias
598 1735 759 1809 iugurthae.

289 1827 358 1896 Quis
369 1845 424 1883 non
434 1828 532 1882 Latino
543 1829 680 1901 sanguine
694 1828 827 1900 pinguior

289 1921 406 1976 campus
416 1902 555 1975 sepulcris
568 1904 654 1975 impia
666 1903 769 1975 proelia

327 1986 443 2035 testatur
454 1978 637 2048 auditumque
649 1978 737 2033 Media

365 2055 514 2128 Hesperiae
527 2054 649 2109 sonitum
664 2051 779 2109 ruinae‘l

286 2149 337 2219 qui
346 2164 450 2222 gurges
460 2155 508 2203 aut
518 2163 590 2219 quae
601 2144 717 2202 llumina
730 2144 859 2219 lugubris

289 2224 386 2297 ignara
399 2222 486 2278 ballii
505 2222 581 2294 quod
596 2239 670 2277 mare
684 2221 806 2277 Dauniae

324 2316 378 2356 non
390 2298 584 2355 decoloravere
595 2296 714 2353 caedes?

360 2390 432 2446 quaa
442 2382 517 2430 caret
527 2391 574 2429 ora
585 2391 683 2429 cruore
694 2370 805 2428 nostro‘l

289 2465 343 2522 Sed
354 2483 399 2531 ne,
411 2466 527 2531 relictis,
539 2469 618 2523 illusa
629 2483 741 2539 procax,
754 2465 833 2529 iocis,

288 2541 358 2599 Ceae
369 2550 499 2597 retractes
510 2559 626 2596 munera
637 2543 749 2597 neniae:

326 2633 436 2673 mecum
446 2618 565 2672 Dionaeo
577 2617 631 2672 sub
643 2625 720 2673 antro

363 2709 467 2764 quaere
478 2692 575 2747 modos
588 2692 692 2748 leviore
701 2693 817 2765 plectro.
