2159 3150
389 305 531 350 LIBER.
791 302 838 356 153

124 420 218 475 neque
228 405 388 459 intumescit
402 404 575 477 alta-viperis
586 404 699 461 humus.

83 479 169 535 Nulla
181 488 281 534 nocent
290 480 383 551 pecori
394 481 538 553 contagia,
554 480 660 535 anitius
672 484 738 538 astri

122 570 238 627 gregem
249 563 374 609 aestuosa
389 562 473 610 torret
483 557 657 627 impotentia.

85 629 226 701 Pluraque
237 627 332 685 felices
343 630 522 686 mirabimur:
534 640 566 686 ut
576 647 666 703 neque
678 631 763 707 largis
869 648 894 691 55

123 721 247 777 aquosus
256 704 348 759 Eurus
359 722 425 760 erva
435 705 513 761 radat
523 705 674 770 imbribus,

83 779 204 853 pinguia
219 796 270 834 nec
282 780 366 835 siccis
377 790 493 835 urantur
505 782 612 836 semina
625 781 727 855 glebis,

122 857 670 928 utrumqueregetemperateCoeiitum.

83 931 145 984 Non
158 929 215 985 huc
225 930 316 1003 Argoo
330 930 473 987 contendit
486 932 592 1005 remige
602 933 696 1005 pinus,

82 1004 726 1139 ,iiis{iiiittiti’itiiiuiti²
868 1020 894 1064 ⁶⁰

122 1155 262 1211 laboriosa
274 1172 325 1211 nec
333 1156 431 1213 eobore
441 1156 546 1212 Ulixei.

81 1232 210 1303 iuppiter
221 1231 270 1287 iiia
282 1232 347 1303 piae
356 1232 477 1287 ”crevit
487 1232 578 1287 littora
587 1234 674 1305 genti,

121 1315 153 1361 ut
165 1306 327 1379 inquinavit
339 1323 402 1363 aere
413 1315 524 1379 tempus
535 1321 669 1363 aureum-r
980 1354 983 1361 .

80 1398 163 1437 aerea
173 1380 279 1436 debinc
293 1381 364 1437 ferro
375 1380 487 1437 duravit
496 1383 605 1446 secula,
617 1398 737 1453 quorum
868 1395 893 1438 un

120 1457 179 1528 piis
192 1456 314 1511 secunda
326 1467 388 1511 vate
403 1475 446 1511 me
457 1456 539 1513 datur
550 1456 627 1531 iuga.
918 1476 921 1480 ’

285 1683 512 1758 ΕΡο1108Ι
536 1684 642 1753 xvii.

233 1800 276 1840 en
293 1800 461 1841 cruroreu
478 1801 681 1843 veunmcau.

79 2020 179 2055 ensuite
189 2021 215 2056 eb
224 2030 246 2057 ee
256 2021 322 2057 leone
336 2022 412 2056 artibus
423 2021 517 2058 deilnitne
530 2032 601 2058 menne
611 2023 645 2058 tint
658 2025 785 2067 umineqne
795 2033 838 2060 eu

116 2085 211 2126 initiare
220 2088 295 2127 tentatr
305 2089 326 2120 nt
335 2085 370 2121 iila
379 2087 439 2122 etiarn
449 2087 537 2122 ferocior
546 2091 617 2130 pontu
625 2088 694 2132 petor·
701 2088 838 2124 ωιιῑωιι.

116 2149 176 2184 Metu.
185 2149 221 2185 IV.
516 2156 518 2159 '

363 2267 554 2304 HORATIUS.

2 2401 5 2406 .
80 2347 144 2410 lom
157 2357 213 2410 iam
224 2355 330 2412 efficaci
342 2355 378 2413 do
389 2375 487 2412 manus
497 2360 640 2421 scientiae,

79 2431 206 2503 supplex
217 2441 244 2487 et
256 2448 304 2487 oro
318 2448 402 2505 regna
413 2449 462 2504 per
476 2435 666 2505 Proserpinae,

80 2514 170 2579 peret
182 2506 284 2562 Dianae
296 2523 349 2562 non
361 2508 496 2564 movenda
511 2510 636 2573 numina,

80 2599 132 2654 per
143 2591 226 2654 atque
239 2583 327 2638 libros
340 2585 495 2639 carminum
507 2584 659 2640 valentium

80 2657 169 2714 refixa
180 2658 257 2713 coeio
267 2657 403 2714 devocare
412 2658 515 2721 sidera,

81 2731 210 2797 Canidia,
222 2750 305 2804 perce
316 2733 434 2789 vocibus
445 2733 557 2789 tandem
569 2736 656 2791 sacris

80 2811 227 2880 citumque
237 2819 309 2865 retro
319 2809 407 2873 solve,
420 2809 498 2866 solve
508 2811 661 2866 turbinem.
