2159 3150
506 279 692 326 ODARUM

304 381 441 452 divosque
455 380 641 451 mortalesque
651 380 746 435 turbas

338 455 457 527 imperio
468 456 540 529 regit
552 472 625 510 unus
637 472 735 527 aequo.

263 568 397 640 Magnum
407 565 456 620 illa
468 572 599 620 terrorem
611 564 742 620 intulerat
751 566 809 620 iovi

264 642 354 698 fidens
364 641 496 695 iuventus
506 638 619 694 horrida
630 639 762 704 brachiis,

304 715 459 786 fratresque
472 714 618 771 tendentes
628 732 714 786 opaco

340 790 436 846 Pelion
447 790 617 862 imposuisse
627 790 756 864 Olympo.

267 899 323 957 Sed
333 898 404 972 quid
415 899 564 973 Typhoeus
575 908 601 954 et
612 899 723 954 validus
733 901 842 962 Mimas.

265 985 311 1031 aut
322 974 391 1047 quid
403 975 506 1030 minaci
516 975 689 1048 Porphyrion
698 984 780 1038 statu,

301 1049 371 1123 quid
381 1049 504 1105 Rhoetus
513 1051 678 1121 evulsisque
688 1051 793 1105 truncis

337 1123 496 1181 Enceladus
507 1125 643 1180 iaculator
652 1125 744 1180 audax

265 1242 359 1291 contra
370 1243 513 1289 sonantem
524 1233 646 1288 Palladis
661 1235 758 1307 aegida

267 1318 381 1383 possent
390 1307 523 1364 ruentes?
545 1310 616 1364 Hinc
629 1310 729 1364 avidus
739 1312 814 1364 stetit

237 1397 240 1401 ’
301 1384 453 1448 Vulcanus.
465 1383 532 1438 hinc
543 1393 666 1438 matrona
679 1387 747 1439 luno
758 1393 784 1439 et

342 1459 630 1531 numquam'humeris
640 1461 784 1530 positurus
794 1477 899 1524 arcum,

265 1569 316 1641 qui
328 1586 388 1624 rore
398 1586 468 1641 puro
479 1567 616 1623 Castaliae
627 1568 696 1624 lavit

267 1644 358 1699 crines
368 1644 483 1707 solutos,
501 1646 552 1714 qui
564 1644 664 1717 Lyciae
675 1652 749 1698 tenet

304 1718 416 1774 dumeta
428 1718 604 1789 natalemque
614 1718 725 1781 silvam,

338 1792 433 1848 Delius
444 1802 471 1847 et
481 1794 612 1848 Patareus
622 1792 732 1864 Apollo.

265 1902 315 1959 Vis
324 1901 424 1957 consili
438 1918 538 1973 expers
553 1901 624 1956 mole
639 1901 695 1955 ruit
705 1918 770 1955 sua:

266 1977 326 2032 vim
336 1985 517 2047 temperatam
527 1976 557 2030 dl
567 1992 679 2047 quoque
690 1976 847 2048 provehunt

303 2052 448 2119 iumaius;
466 2051 541 2106 tdem
551 2050 635 2106 odera
645 2052 719 2106 vires

337 2144 420 2182 omne
430 2126 509 2182 neias
522 2127 615 2181 auimo
627 2134 779 2182 moventes.

266 2227 356 2283 Testis
368 2244 492 2283 mearum
503 2228 677 2282 centimanus
687 2226 761 2300 Gyas

265 2304 475 2365 sententiarum,
487 2311 569 2357 notus
580 2310 607 2356 et
617 2302 742 2375 integrae

229 2429 233 2441 ,
304 2385 422 2433 tentator
431 2376 516 2433 Orion
529 2378 639 2440 Dianae,

304 2510 307 2514 ,
339 2453 466 2526 virginea
477 2453 600 2507 domitus
611 2452 721 2525 sagitta.

265 2553 369 2607 Iniecta
380 2554 510 2608 monstris
521 2554 603 2607 Terra
614 2551 689 2607 dolet
699 2552 758 2606 suis

266 2635 425 2698 moeretque
436 2636 531 2698 partus
546 2626 663 2691 fulmine
678 2626 801 2682 luridum

304 2702 405 2756 missos
415 2702 450 2757 ad
460 2700 576 2757 Orcum:
593 2719 644 2759 nec
654 2702 763 2773 peredit

339 2776 497 2847 impositam
512 2777 586 2832 celer
596 2778 670 2850 ignis
681 2777 811 2839 Aetnam:
