2159 3150
366 317 501 361 LIBER
528 318 551 362 1
803 315 834 366 l9

114 419 240 491 yiugnee,
254 433 315 471 sive
325 433 396 487 opus
406 423 448 469 est
458 414 618 486 imperitare
628 433 718 488 equis
862 431 889 476 ιι

116 509 173 546 uon
185 493 282 564 auriga
294 491 384 562 piger
425 490 566 545 Merionen
577 507 690 563 quoque

117 583 228 621 nosces.
269 566 340 619 Eooe
351 563 419 618 furit
430 572 456 618 te
466 566 589 635 reperire
600 575 677 621 atrox

158 639 292 714 Tydides,
305 638 504 710 moliorpntro:

116 749 204 820 quem
214 740 255 796 tu,
267 747 366 786 cervus
381 731 421 784 uti
431 730 533 785 vellis
525 748 554 785 ru
567 730 652 787 ultera

116 809 214 862 visum
225 814 303 878 parte
315 805 413 877 lupum
423 821 560 877 grammis
568 823 724 872 immemor
862 820 888 865 tt

117 881 239 937 sublimi
251 879 343 953 fugies
353 879 446 935 mollis
457 879 592 943 anhelitu,

155 974 211 1011 uon
224 955 277 1011 hoo
287 955 429 1027 pollicitus
441 962 513 1010 tuoe.

113 1047 251 1102 lreounde
263 1047 338 1102 diem
348 1047 467 1118 proferet
477 1048 527 1102 llio

114 1123 308 1193 matronisque
318 1122 460 1195 Phrygum
475 1122 573 1177 classis
584 1122 719 1192 hohillci3

114 1205 181 1270 post
191 1206 279 1252 certes
291 1197 398 1252 hiemes
408 1204 470 1252 uret
480 1195 619 1253 Achaious
861 1209 887 1254 tt

155 1273 232 1344 ignis
243 1274 407 1344 Pergameas
416 1271 539 1327 domos«

275 1459 581 1519 Ιοιιιιιιιιι.
660 1433 667 1444 ’

229 1574 440 1617 Phninoulh
457 1575 504 1617 An
520 1575 674 1617 Atticene.

73 1815 164 1849 texerint
173 1813 224 1847 trem
233 1822 295 1855 suem,
306 1822 345 1854 qus
354 1813 408 1846 tlt-m
417 1814 489 1847 lembis
498 1813 591 1856 lscsoret,
599 1817 619 1849 ot
627 1816 651 1849 tls
659 1815 689 1849 lrs
696 1817 829 1866 uberinmit,

137 1876 237 1920 petitque,
247 1878 270 1910 ut
278 1875 342 1911 emico
350 1877 371 1910 lu
381 1877 466 1919 uetiam
475 1886 543 1912 seeum
551 1878 627 1913 rae-t.
651 1878 708 1914 usu.
718 1881 770 1917 m.

111 1947 143 2011 Ο
154 1965 243 2011 matre
253 1956 371 2028 pulchra
383 1956 439 2011 filia
451 1958 604 2030 pulchrior,

111 2049 198 2103 quem
211 2032 370 2086 criminosis
381 2049 501 2103 cumque
513 2033 590 2088 voles
602 2032 715 2090 modum

150 2124 238 2178 pones
248 2106 360 2171 iambis,
373 2108 434 2162 sivo
445 2106 555 2162 llumma

189 2184 250 2236 sive
261 2183 331 2236 meri
344 2182 413 2237 libet
423 2181 572 2238 lledriano.

111 2275 174 2329 Nou
185 2273 369 2347 Dindymene,
382 2291 437 2329 non
449 2273 539 2348 adytis
553 2276 644 2347 quatit

110 2357 233 2403 mentem
245 2348 419 2405 sacerdotum
431 2350 521 2406 incole
532 2351 659 2424 Pythius,

150 2441 205 2479 nou
219 2424 410 2496 Liberaeque,
425 2433 570 2480 nouacula

188 2500 212 2553 si
223 2502 367 2573 geminant
377 2500 546 2574 Corybantes
560 2518 631 2565 aera,

109 2593 206 2647 tristes
216 2600 246 2646 ut
256 2592 324 2658 irae,
339 2610 409 2664 quas
424 2610 514 2664 neque
525 2594 642 2648 Noricus
667 2640 670 2645 .

109 2667 232 2722 deterret
242 2669 327 2732 ensis,
341 2686 392 2723 nec
402 2681 478 2722 mn're
492 2667 660 2738 naufragum
857 2679 882 2721 to

150 2758 311 2797 neoseevus
324 2744 409 2815 ignis,
423 2760 474 2797 nec
488 2742 629 2797 tremendo

186 2817 312 2889 Iuppiter
321 2820 383 2889 ipse
394 2834 477 2872 ruens
488 2817 620 2871 tumultu.
631 2889 676 2940 132
