2159 3150
348 329 556 375 uouulcn
776 327 828 380 299

71 437 102 484 ut
114 427 187 482 nihil
200 428 319 486 intersit.
332 428 460 482 Davusne
473 426 603 498 loquatur
614 438 640 483 et
650 429 741 486 audax

71 502 199 576 Pythias,
212 510 342 556 emuncto
353 502 458 557 lucrata
473 502 587 558 Simone
598 503 741 569 talentum,

73 596 107 632 an
120 585 216 632 custos
227 575 406 648 lamulueque
418 576 464 632 dei
476 577 590 633 Silenus
600 577 718 634 alumni.

110 653 154 706 Ex
166 659 231 706 noto
242 651 336 706 lictum
347 669 459 707 carmen
469 669 581 724 sequar,
593 661 625 707 ut
633 652 689 708 sibi
700 656 797 726 quivis
843 664 885 712 255
921 657 925 662 ’

73 735 168 799 speret
177 725 263 790 idem,
278 727 361 782 sudet
374 726 494 782 multum
504 726 663 799 frustraque
672 727 779 786 laboret

74 818 161 856 ausus
171 801 261 856 idem:
278 810 385 857 tantum
397 803 484 858 series
498 803 682 874 iuncturaque
693 805 789 876 pollet,

73 885 182 932 tantum
194 876 230 931 de
240 876 334 932 medio
343 877 444 932 sumtis
454 877 562 932 accedit
574 877 697 933 honoris.

74 951 164 1007 Silvis
175 950 290 1007 deducti
300 959 416 1008 caveant
425 969 469 1007 me
479 952 576 1008 iudice
585 954 684 1018 Fauni,

74 1044 109 1082 ne
120 1027 201 1082 velut
210 1027 299 1082 innati
311 1027 403 1082 triviis
414 1043 446 1084 ac
455 1044 545 1099 paene
555 1026 688 1093 forenses,
844 1035 885 1084 tta

6 1167 7 1174 ἵ
29 1155 32 1160 ,
74 1110 122 1157 aut
132 1101 253 1156 nimium
265 1102 369 1157 teneris
379 1103 548 1158 iuvenentur
557 1102 688 1158 versibus
698 1120 841 1175 umquam,

6 1195 7 1218 5
74 1185 122 1234 aut
132 1176 280 1232 immunda
291 1186 404 1248 crepent
414 1177 657 1250 ignominiosaque
666 1178 750 1233 dicta.

74 1251 261 1309 Offenduntur
270 1252 356 1316 enim,
364 1251 470 1322 quibus
481 1262 523 1308 est
532 1261 827 1324 equusetpateretres,

74 1345 136 1392 nec,
147 1327 173 1382 si
185 1326 256 1398 quid
266 1326 342 1382 fricti
353 1329 452 1382 ciceris
463 1327 562 1399 probat
571 1335 599 1382 et
609 1329 690 1382 nucis
701 1337 797 1393 emtor,

75 1404 175 1474 aequis
185 1403 329 1473 accipiunt
339 1403 441 1458 animis
451 1402 591 1458 donantve
604 1418 714 1458 corona.
844 1412 886 1458 255

113 1476 230 1552 Syllaba
244 1477 328 1550 longa
341 1477 420 1532 brevi
431 1477 558 1532 subiecta
570 1485 685 1532 vocamur
695 1477 817 1543 iambus,
832 1530 835 1534 .

75 1569 124 1627 pes
134 1553 223 1609 citus:
240 1552 316 1608 unde
329 1553 413 1607 etiam
424 1553 557 1608 trimetris
570 1569 727 1609 accrescere
737 1554 821 1609 iussit

75 1645 177 1685 nomen
188 1626 317 1692 iambeie,
329 1644 418 1699 quum
427 1644 510 1683 senos
519 1627 648 1685 redderet
657 1630 730 1685 ictus

75 1705 187 1776 primus
195 1703 500 1758 adextremumeimilis
510 1702 581 1758 eibi:
595 1721 650 1760 non
661 1705 698 1759 ita
709 1704 828 1775 pridem,

76 1778 184 1834 tardior
193 1786 224 1834 ut
232 1777 329 1851 paullo
339 1780 508 1851 graviorque
518 1778 762 1844 veniretadaures,
846 1790 887 1833 255

75 1852 218 1927 spondeos
229 1852 345 1909 stabiles
357 1854 387 1907 in
401 1854 462 1907 iura
473 1861 587 1924 patema
597 1854 702 1924 recepit

75 1928 242 1984 commodus
252 1930 408 1999 etpatiens,
425 1945 480 1983 non
490 1937 522 1983 ut
531 1928 567 1982 de
577 1928 644 1983 sede
653 1927 777 1982 secunda

75 2004 191 2060 cederet
204 2012 252 2059 aut
261 2011 360 2075 quarta
369 2003 520 2073 socialiter.
551 2002 603 2057 llic
612 2011 640 2058 et
650 2003 680 2057 in
690 2001 757 2058 Aeol

74 2078 224 2135 nobilibus
235 2078 369 2133 nimetrie
382 2086 496 2149 apparet
507 2094 595 2142 rarus,
611 2086 638 2133 et
647 2078 721 2133 Enni

73 2157 105 2210 in
115 2170 232 2210 scenam
241 2154 417 2209 misscscum
427 2170 527 2225 magno
536 2152 660 2224 pondere
673 2170 781 2216 versus,
847 2161 889 2207 255

73 2238 123 2285 aut
133 2246 236 2303 operae
247 2228 347 2298 celeris
357 2229 476 2283 nimium
485 2244 608 2299 curaque
621 2228 750 2292 carentis,

73 2313 123 2360 eut
134 2306 278 2378 ignoratae
288 2304 391 2374 premit
401 2303 598 2379 artisvcrimine
608 2306 695 2375 turpi.
781 2305 787 2313 ‘

72 2382 152 2436 »Non
162 2379 261 2451 quivis
273 2378 349 2434 videt
359 2376 539 2435 immodulata
551 2387 677 2449 poemata
687 2377 784 2441 iudex,

72 2463 117 2510 »et
128 2454 194 2510 data
204 2453 337 2509 Romania
346 2453 429 2507 venia
440 2462 482 2507 est
492 2452 609 2526 indigna
620 2455 736 2525 poetis«

70 2529 222 2585 Idcircone
233 2545 319 2601 vager
329 2528 506 2599 scribamque
518 2527 652 2583 licenter?
674 2547 707 2584 an
721 2545 819 2584 omnes
848 2538 888 2583 255

71 2606 190 2661 visuros
200 2612 314 2676 peccata
324 2611 420 2675 putem
431 2620 503 2667 mea,
516 2611 592 2658 tutus
604 2611 631 2658 et
641 2604 713 2659 intra

71 2676 156 2751 spem
167 2680 268 2734 veniae
278 2676 395 2733 cautus?
407 2677 498 2733 Vitavi
511 2676 634 2749 denique
644 2679 766 2749 culpam,

71 2772 130 2809 non
144 2754 257 2809 laudem
269 2755 370 2807 merui.
405 2754 458 2807 Vos
472 2754 642 2823 exemplaria
652 2753 757 2809 Graeca

70 2839 213 2885 nocturna
225 2837 333 2883 versate
345 2844 439 2889 manu,
456 2836 563 2881 versate
573 2826 685 2882 diurna.
