2159 3150
208 309 257 362 248
417 317 750 364 nutaronanuu

209 417 268 470 acui
280 415 353 470 volet
364 417 539 488 importunus
551 417 646 472 abuma
662 420 771 483 Frater,
786 430 864 491 pater
874 421 964 489 adde;
1039 465 1043 471 .

151 503 176 546 55
211 502 241 546 ut
251 492 353 562 cuique
365 501 406 547 est
417 502 500 556 aetas,
516 494 554 546 ita
565 510 705 566 quemque
716 495 821 550 lacetus
832 496 946 568 adopta.

209 567 250 630 Si,
263 567 333 621 bene
344 569 393 638 qui
405 578 510 632 coenat,
524 568 594 624 bene
606 571 691 624 vivit:
704 571 787 634 lucet,
800 588 896 625 camus

207 661 263 717 quo
273 643 355 698 ducet
364 644 445 716 gula;
458 645 611 715 piscemur,
623 661 767 708 venemur,
781 655 811 700 ut
824 646 892 700 olim

208 719 360 792 Gargilius
373 719 422 790 qui
434 736 514 774 mane
525 719 633 793 plagas,
646 721 798 793 venabula,
807 739 914 786 servos,

208 795 348 850 differtum
359 795 476 850 transire
489 794 578 850 forum
590 796 782 868 populumque
793 796 920 862 iubebat,

151 883 176 926 oo
207 889 279 927 unus
290 881 320 925 ut
330 887 344 924 e
356 870 452 925 multis
463 870 567 942 populo
577 881 719 942 spectante
730 872 843 927 referret

207 957 310 1002 emtum
323 947 416 1000 mulus
427 963 536 1017 aprum.
553 946 639 1002 Crudi
651 947 809 1025 tumiquuc
821 948 965 1014 lavemur,

209 1022 278 1094 quid
290 1023 394 1084 deceat,
407 1021 476 1092 quid
488 1039 552 1086 non,
565 1022 656 1086 obliti,
670 1022 777 1079 Caerite
788 1041 849 1078 cera

208 1098 298 1172 digni,
315 1098 464 1170 remigium
476 1097 609 1152 vitiosum
620 1098 774 1154 Ithacensis
785 1099 888 1164 Ulixei,

209 1175 254 1229 cui
267 1176 356 1244 potior
366 1174 453 1244 patria
465 1171 518 1227 suit
528 1173 675 1229 interdicta
687 1175 827 1246 voluptas.

151 1261 177 1304 65
208 1249 248 1313 Si,
261 1250 442 1306 Mimnermus
454 1249 494 1303 uti
505 1259 608 1313 censet,
621 1250 682 1303 sine
694 1267 786 1304 amore
796 1250 923 1322 iocisque

209 1326 248 1380 nil
262 1334 303 1380 est
314 1325 478 1388 iucundum,
492 1326 573 1379 vivas
583 1326 613 1379 in
628 1342 719 1380 amore
730 1326 866 1396 iocisque.

206 1401 286 1464 Vive,
297 1400 374 1455 vale!
398 1399 427 1456 Si
439 1400 509 1471 quid
519 1401 622 1456 novisti
635 1402 738 1455 rectius
749 1401 820 1465 istis,

207 1477 343 1532 candidus
358 1477 483 1548 imperti;
501 1476 601 1541 sinon,
614 1475 660 1531 his
671 1485 748 1531 utere
759 1493 879 1531 mecum.

396 1676 662 1737 EPISTOLA
707 1677 772 1735 vll.

298 1795 341 1835 an
358 1795 462 1835 carun
478 1795 621 1835 cruuruu
635 1795 872 1836 nuncnusrnn.

510 1912 678 1923 —..—-

206 2022 255 2057 Buri
272 2022 346 2063 degent
365 2027 385 2055 at
398 2032 410 2055 a
423 2022 536 2055 llaecanate
555 2021 679 2056 deslderatus
693 2031 715 2055 se
729 2021 758 2054 llll
773 2023 855 2055 excusat
873 2021 893 2053 et
906 2020 967 2061 grata

232 2087 375 2121 beneficiorum
389 2086 431 2121 alna
444 2086 545 2120 mentions
555 2086 609 2120 tecta
621 2088 691 2129 aperta
705 2084 894 2127 incrementatur,
912 2082 966 2117 lilto-

234 2160 278 2186 rurn
288 2150 350 2185 otlnm
359 2150 398 2185 sibl
405 2153 486 2193 preater
494 2150 535 2184 alta
543 2150 611 2185 omnia
620 2149 753 2193 expetendum
763 2148 835 2182 rideri.

208 2222 345 2303 Quinque
356 2232 417 2286 dies
429 2232 481 2286 tibi
493 2231 636 2303 pollicitus
648 2248 691 2285 me
703 2248 765 2285 rure
777 2228 914 2292 luturum,

208 2308 343 2363 Sextilem
357 2317 444 2362 totum
455 2306 576 2361 mendax
587 2306 741 2361 desideror.
774 2304 858 2375 Atqui

167 2452 169 2457 Α
208 2386 233 2439 si
245 2402 288 2438 ma
301 2385 395 2439 vivere
408 2383 451 2437 vis
466 2392 596 2453 recteque
610 2381 706 2437 videre
716 2381 865 2442 valentem,

208 2477 292 2532 quam
305 2458 375 2514 mihi
387 2458 436 2513 das
448 2476 541 2533 aegro,
554 2458 635 2512 dabis
645 2465 785 2531 aegrotare
797 2455 921 2517 timenti,

150 2547 165 2591 5
210 2534 365 2598 Maecenas,
378 2535 500 2598 veniam,
512 2533 579 2588 dum
592 2532 661 2587 ‘ricus
671 2533 761 2604 prima
775 2531 908 2601 calorque

208 2610 414 2684 designatorem
426 2609 537 2665 decorat
549 2608 694 2664 lictoribus
705 2607 782 2669 atris,

209 2684 276 2740 dum
287 2685 382 2757 pueris
393 2686 483 2740 omnis
494 2693 572 2757 pater
583 2693 610 2739 et
619 2682 768 2739 matercula
780 2680 877 2753 pallet,

208 2759 389 2830 officiosaque
404 2760 539 2815 sedulitas
549 2768 576 2814 et
585 2759 677 2832 opella
688 2757 806 2813 lorensis

205 2833 322 2889 adducit
332 2833 424 2889 febres
435 2845 462 2891 ot
472 2844 633 2890 testamenta
648 2836 781 2907 resignat.
