2159 3150
270 289 318 341 l06
538 292 726 338 ovnnvnt

303 395 423 451 Fortuna
434 408 519 447 saevo
529 391 600 447 laeta
611 395 721 464 negotio
731 401 757 446 et

208 481 235 525 st
302 468 400 527 ludum
412 466 578 524 insolentem
592 467 687 522 ludere
700 469 827 539 pertinax

338 551 503 600 transmutat
515 543 635 598 incertos
647 543 772 606 bonores,

373 633 448 672 nuno
458 616 539 681 mibi,
551 634 626 672 nunc
636 617 683 671 alii
697 617 817 692 benigna

300 708 396 765 Laudo
406 717 579 764 manentem:
604 710 628 764 si
640 710 744 766 celeres
754 711 844 783 quatit

299 801 415 857 penum.
430 785 542 858 resigno
553 801 624 856 quae
638 785 725 850 dedit,
741 794 767 840 et
778 803 838 840 mea

337 859 440 915 virtute
450 877 495 914 me
506 859 620 914 involvo
629 860 800 932 probamque

371 936 534 1006 pauperiem
547 936 608 990 sine
618 935 680 990 dote
692 953 794 1007 quaero

300 1027 359 1082 Non
370 1033 412 1081 est
422 1043 523 1088 meum.
536 1027 560 1080 si
573 1029 679 1100 mugiat
691 1026 791 1082 Africis

300 1102 390 1156 malus
401 1101 546 1172 procellis,
559 1101 592 1156 ad
606 1103 721 1156 miseras
730 1119 826 1174 preces

337 1177 484 1231 decurrere
494 1185 522 1232 et
533 1179 605 1231 votis
616 1177 731 1248 pacisci,

372 1268 406 1305 ne
416 1250 535 1326 Cypriae
546 1253 701 1326 Tyriaeque
711 1269 817 1307 merces

300 1343 711 1398 addantavarodivitiasmari.

299 1420 321 1473 T
323 1435 377 1472 unc
388 1435 441 1479 me,
454 1417 571 1472 biremis
583 1418 722 1490 praesidio
731 1416 852 1490 scaphae
933 1466 940 1478 ,

338 1502 438 1553 tutum.
450 1510 501 1564 per
510 1496 633 1566 Aegaeos
644 1493 780 1548 tumultus

372 1586 437 1623 aura
451 1567 519 1624 ieret
529 1569 715 1643 geminusque
728 1567 837 1623 Pollux.

506 1807 531 1867 0
553 1808 622 1867 DE
664 1808 764 1868 XXX„

427 1926 471 1965 no
485 1926 599 1967 unsara
613 1923 841 1967 nanronsuau

551 2036 721 2051 m-

259 2126 361 2163 Gloriatur
369 2127 394 2163 ‹ls
404 2129 494 2163 absoluto
504 2129 613 2164 uminum
626 2128 738 2171 volamine,
753 2126 831 2170 sibique
843 2128 1019 2163 immortalitat-

524 2189 629 2233 promlttlt.
653 2189 711 2224 Matr.
723 2188 740 2221 1.

297 2260 390 2343 Exegi
403 2280 611 2325 monumentum
623 2286 685 2325 aere
699 2269 850 2341 perennius

298 2345 442 2417 regalique
452 2347 508 2401 situ
518 2346 696 2419 pyramidum
708 2344 802 2407 altius,

297 2419 372 2490 quod
382 2437 436 2475 non
447 2421 537 2475 imber
547 2419 628 2480 edax,
643 2438 696 2474 non
708 2419 811 2490 Aquilo
821 2420 961 2489 impotens

298 2495 387 2566 possit
396 2494 516 2560 diruere,
530 2504 578 2551 eut
588 2494 802 2550 innumerabilis

297 2585 431 2624 annorum
442 2572 529 2625 series
543 2580 569 2625 et
584 2569 648 2644 iuga
661 2579 826 2640 temporum.

299 2643 360 2697 Non
369 2646 461 2698 omnis
471 2648 587 2709 moriar,
603 2646 745 2716 multaque
756 2662 820 2717 pars
830 2645 886 2697 mei

300 2717 399 2771 vitabit
409 2719 572 2773 libitinam.
612 2720 705 2791 Usque
715 2737 766 2793 ego
780 2728 887 2791 postera

299 2806 421 2846 crescam
434 2792 515 2846 laude
526 2811 632 2855 recens.
647 2794 713 2848 (lum
726 2794 893 2866 Capitolium
