2159 3150
194 269 227 321 ⁹8
475 279 498 323 0
507 280 531 324 D
541 283 563 326 Α
573 281 596 326 R
607 283 629 328 U
638 285 662 329 Μ

135 385 162 428 tt
227 373 250 430 Ο
259 375 388 446 quisquis
399 377 472 432 volet
483 381 584 450 impias

266 449 365 504 camec
375 459 402 505 et
415 452 518 507 rabiem
531 456 625 512 toticre
636 463 764 528 civicam,

228 525 253 578 si
262 534 376 595 quaeret
386 526 464 580 Pater
475 528 586 584 urbium

264 598 404 653 subscribi
416 603 523 667 statuis,
537 605 698 662 indomitam
711 611 811 668 audeat

227 673 363 729 refrenare
376 673 525 742 licentiam,

261 747 352 802 clarus
363 752 540 821 postgenitis3
555 764 701 825 quatenus,
719 757 773 814 heu
784 761 880 818 neiasi

227 824 357 878 virtutem
368 823 534 880 incolumem
549 828 668 894 odimus,

263 896 400 952 sublatam
412 916 446 952 ex
455 901 545 956 oculis
556 906 715 974 quaerimus
726 909 827 964 invidi.

225 970 299 1038 Quid
309 972 400 1026 tristes
410 976 609 1043 querimoniae,

260 1048 285 1100 si
295 1063 350 1100 non
360 1047 500 1118 supplicio
510 1052 592 1123 culpa
604 1053 753 1110 reciditur?

224 1121 293 1192 quid
305 1122 380 1194 teges
390 1123 451 1176 sine
463 1126 586 1181 moribus

261 1212 348 1250 vanae
358 1196 523 1267 proficiunt?
543 1203 567 1255 si
578 1219 668 1274 neque
678 1203 794 1260 fervidis

224 1287 288 1342 pars
299 1270 406 1326 inclusa
420 1273 560 1330 caloribus

260 1345 357 1400 mundi
369 1363 419 1400 nec
429 1347 529 1402 Boreae
540 1351 689 1406 finitimum
704 1352 774 1408 latus

222 1418 390 1490 durataeque
401 1421 459 1476 soto
470 1423 549 1477 nives
640 1469 645 1478 .

258 1503 434 1549 mercatorem
446 1495 584 1570 abigunt?
603 1499 712 1554 horrida
727 1502 822 1556 callidi

221 1569 337 1624 vincunt
347 1587 464 1641 aequora
475 1571 602 1628 navitae?

261 1661 391 1717 magnum
402 1649 549 1717 pauperies
558 1649 738 1720 opprobrium
749 1652 825 1707 iubet

222 1718 336 1789 quidvis
346 1729 373 1774 et
383 1718 472 1775 iacere
482 1730 509 1775 et
520 1723 577 1792 pati

260 1794 427 1865 virtutisque
439 1796 511 1849 viam
523 1796 625 1852 deserit
636 1798 754 1854 arduae?

222 1866 270 1921 vet
282 1884 331 1921 nos
344 1869 372 1922 in
385 1868 562 1939 Capitolium,

257 1958 313 2012 qun
323 1942 425 1997 clamor
438 1954 515 1999 vocat
525 1955 552 2000 et
562 1946 641 2001 turba
653 1946 814 2013 faventium,

222 2016 265 2071 vel
277 2032 325 2071 nos
335 2018 365 2071 in
375 2034 449 2072 mare
459 2021 616 2089 proximum

257 2106 380 2163 gemmas
392 2101 418 2146 et
429 2093 537 2164 lapides
547 2112 645 2150 aurum
655 2106 682 2151 et
693 2098 800 2160 inutile,

221 2165 324 2219 summi
334 2168 476 2222 materiem
488 2169 563 2233 mali,

258 2240 408 2306 mittamus,
420 2241 556 2298 scelerum
567 2245 592 2297 si
603 2244 673 2299 bene
683 2246 815 2315 poenitet.

220 2314 364 2369 Eradenda
375 2316 517 2386 cupidinis

243 2450 245 2455 ,
258 2390 337 2460 pravi
348 2399 413 2444 sunt
423 2392 573 2457 elementa,
586 2401 612 2447 et
621 2402 730 2447 tenerae
742 2395 825 2452 nimis

222 2471 327 2517 mentes
338 2465 525 2535 asperioribus

260 2536 416 2592 formandae
426 2540 538 2594 studiis.
578 2541 672 2595 Nescit
683 2558 754 2612 equo
765 2542 844 2597 rudis

222 2608 332 2664 haerere
344 2612 481 2683 ingenuus
492 2631 571 2684 puer,

259 2684 409 2753 venarique
420 2686 507 2749 timet,
521 2688 616 2742 ludere
627 2688 742 2754 doctior,

220 2770 270 2808 seu
281 2755 384 2810 Graeco
394 2758 490 2813 iubeas
505 2762 607 2823 trocho,
