<?xml version="1.0" encoding="UTF-8"?>
<!DOCTYPE html PUBLIC "-//W3C//DTD XHTML 1.0 Transitional//EN"
    "http://www.w3.org/TR/xhtml1/DTD/xhtml1-transitional.dtd">
<html xmlns="http://www.w3.org/1999/xhtml" xml:lang="en" lang="en">
 <head>
  <title>
</title>
<meta http-equiv="Content-Type" content="text/html;charset=utf-8" />
  <meta name='ocr-system' content='tesseract 3.04.00' />
  <meta name='ocr-capabilities' content='ocr_page ocr_carea ocr_par ocr_line ocrx_word'/>
</head>
<body>
  <div class='ocr_page' id='page_1' title='image "./qhoratiiflaccio05horagoog_0210.png"; bbox 0 0 2159 3150; ppageno 0'>
   <div class='ocr_carea' id='block_1_1' title="bbox 156 278 729 355">
    <p class='ocr_par' dir='ltr' id='par_1_1' title="bbox 156 278 729 355">
     <span class='ocr_line' id='line_1_1' title="bbox 156 278 729 355; baseline -0.012 -22"><span class='ocrx_word' id='word_1_1' title='bbox 156 320 170 333; x_wconf 89' lang='lat'><strong>..</strong></span> <span class='ocrx_word' id='word_1_2' title='bbox 228 278 275 333; x_wconf 74' lang='grc'><strong>498</strong></span> <span class='ocrx_word' id='word_1_3' title='bbox 369 348 371 355; x_wconf 17' lang='grc' dir='ltr'><strong><em>Α</em></strong></span> <span class='ocrx_word' id='word_1_4' title='bbox 460 283 729 346; x_wconf 71' lang='lat' dir='ltr'><strong>sannuncurt</strong></span> 
     </span>
    </p>
   </div>
   <div class='ocr_carea' id='block_1_2' title="bbox 105 383 977 1215">
    <p class='ocr_par' dir='ltr' id='par_1_2' title="bbox 105 383 977 687">
     <span class='ocr_line' id='line_1_2' title="bbox 105 383 977 471; baseline -0.001 -29"><span class='ocrx_word' id='word_1_5' title='bbox 105 425 106 429; x_wconf 19' lang='grc' dir='ltr'><strong>κ</strong></span> <span class='ocrx_word' id='word_1_6' title='bbox 196 401 204 411; x_wconf 87' lang='grc'><em>·</em></span> <span class='ocrx_word' id='word_1_7' title='bbox 225 386 348 459; x_wconf 88' lang='lat' dir='ltr'><strong>praemia</strong></span> <span class='ocrx_word' id='word_1_8' title='bbox 365 384 481 440; x_wconf 86' lang='lat' dir='ltr'><strong>laturus.</strong></span> <span class='ocrx_word' id='word_1_9' title='bbox 511 404 569 439; x_wconf 85' lang='lat' dir='ltr'><strong>noa.</strong></span> <span class='ocrx_word' id='word_1_10' title='bbox 590 383 745 471; x_wconf 84' lang='lat' dir='ltr'><strong>Cupidum,</strong></span> <span class='ocrx_word' id='word_1_11' title='bbox 765 394 843 455; x_wconf 90' lang='lat' dir='ltr'><strong>pater</strong></span> <span class='ocrx_word' id='word_1_12' title='bbox 859 389 977 457; x_wconf 87' lang='lat' dir='ltr'><strong>optima,</strong></span> 
     </span>
     <span class='ocr_line' id='line_1_3' title="bbox 222 478 909 608; baseline -0.003 -16"><span class='ocrx_word' id='word_1_13' title='bbox 222 536 371 592; x_wconf 90' lang='lat' dir='ltr'><strong>deliciunt:</strong></span> <span class='ocrx_word' id='word_1_14' title='bbox 394 553 484 608; x_wconf 88' lang='lat' dir='ltr'><strong>neque</strong></span> <span class='ocrx_word' id='word_1_15' title='bbox 498 536 574 591; x_wconf 84' lang='lat' dir='ltr'><strong>enim</strong></span> <span class='ocrx_word' id='word_1_16' title='bbox 583 478 829 607; x_wconf 51' lang='lat' dir='ltr'><strong>quiviglllgirentia</strong></span> <span class='ocrx_word' id='word_1_17' title='bbox 840 535 909 607; x_wconf 88' lang='lat' dir='ltr'><strong>pilia</strong></span> 
     </span>
     <span class='ocr_line' id='line_1_4' title="bbox 223 610 887 687; baseline -0.003 -20"><span class='ocrx_word' id='word_1_18' title='bbox 223 613 335 687; x_wconf 78' lang='lat' dir='ltr'><strong>agmina</strong></span> <span class='ocrx_word' id='word_1_19' title='bbox 345 611 491 667; x_wconf 81' lang='lat' dir='ltr'><strong>neclracta</strong></span> <span class='ocrx_word' id='word_1_20' title='bbox 505 619 653 683; x_wconf 78' lang='lat' dir='ltr'>pereuntes</span> <span class='ocrx_word' id='word_1_21' title='bbox 664 610 782 683; x_wconf 84' lang='lat' dir='ltr'>cuspide</span> <span class='ocrx_word' id='word_1_22' title='bbox 792 610 887 666; x_wconf 83' lang='lat' dir='ltr'>Gallos</span> 
     </span>
    </p>

    <p class='ocr_par' dir='ltr' id='par_1_3' title="bbox 164 686 977 1067">
     <span class='ocr_line' id='line_1_5' title="bbox 164 686 880 759; baseline -0.003 -16"><span class='ocrx_word' id='word_1_23' title='bbox 164 698 191 743; x_wconf 79' lang='lat'><strong>15</strong></span> <span class='ocrx_word' id='word_1_24' title='bbox 224 697 271 744; x_wconf 90' lang='lat' dir='ltr'><strong>aut</strong></span> <span class='ocrx_word' id='word_1_25' title='bbox 281 687 402 743; x_wconf 86' lang='lat' dir='ltr'><strong>labentis</strong></span> <span class='ocrx_word' id='word_1_26' title='bbox 412 704 484 759; x_wconf 86' lang='lat' dir='ltr'><strong>equo</strong></span> <span class='ocrx_word' id='word_1_27' title='bbox 495 686 636 742; x_wconf 86' lang='lat' dir='ltr'><strong>describat</strong></span> <span class='ocrx_word' id='word_1_28' title='bbox 646 688 762 754; x_wconf 86' lang='lat' dir='ltr'><strong>vulnera</strong></span> <span class='ocrx_word' id='word_1_29' title='bbox 776 686 880 741; x_wconf 82' lang='lat' dir='ltr'><strong>Parthi.</strong></span> 
     </span>
     <span class='ocr_line' id='line_1_6' title="bbox 222 762 975 835; baseline -0.005 -14"><span class='ocrx_word' id='word_1_30' title='bbox 222 784 294 821; x_wconf 83' lang='lat' dir='ltr'><strong>raca.</strong></span> <span class='ocrx_word' id='word_1_31' title='bbox 306 762 433 819; x_wconf 78' lang='lat' dir='ltr'><strong>Attamen</strong></span> <span class='ocrx_word' id='word_1_32' title='bbox 440 764 578 819; x_wconf 88' lang='lat' dir='ltr'><strong>etiustum</strong></span> <span class='ocrx_word' id='word_1_33' title='bbox 584 772 693 835; x_wconf 90' lang='lat' dir='ltr'><strong>poteras</strong></span> <span class='ocrx_word' id='word_1_34' title='bbox 699 771 726 818; x_wconf 90' lang='lat' dir='ltr'><strong>et</strong></span> <span class='ocrx_word' id='word_1_35' title='bbox 732 762 854 817; x_wconf 91' lang='lat' dir='ltr'><strong>scrihere</strong></span> <span class='ocrx_word' id='word_1_36' title='bbox 865 762 975 826; x_wconf 83' lang='lat' dir='ltr'><strong>fortem,</strong></span> 
     </span>
     <span class='ocr_line' id='line_1_7' title="bbox 223 838 977 969; baseline -0.007 -72"><span class='ocrx_word' id='word_1_37' title='bbox 223 839 384 913; x_wconf 76' lang='lat' dir='ltr'><strong>Scipiadam</strong></span> <span class='ocrx_word' id='word_1_38' title='bbox 399 848 430 895; x_wconf 91' lang='lat' dir='ltr'><strong>ut</strong></span> <span class='ocrx_word' id='word_1_39' title='bbox 444 840 558 910; x_wconf 87' lang='lat' dir='ltr'><strong>sapiens</strong></span> <span class='ocrx_word' id='word_1_40' title='bbox 571 840 708 969; x_wconf 54' lang='lat' dir='ltr'><strong>Luciligs.</strong></span> <span class='ocrx_word' id='word_1_41' title='bbox 729 858 788 893; x_wconf 85' lang='lat' dir='ltr'><strong>noa.</strong></span> <span class='ocrx_word' id='word_1_42' title='bbox 808 838 888 893; x_wconf 90' lang='lat' dir='ltr'><strong>llaud</strong></span> <span class='ocrx_word' id='word_1_43' title='bbox 903 840 977 893; x_wconf 90' lang='lat' dir='ltr'><strong>mihi</strong></span> 
     </span>
     <span class='ocr_line' id='line_1_8' title="bbox 223 931 975 1067; baseline -0.004 -21"><span class='ocrx_word' id='word_1_44' title='bbox 223 1008 310 1063; x_wconf 89' lang='lat' dir='ltr'>quum</span> <span class='ocrx_word' id='word_1_45' title='bbox 324 1008 368 1045; x_wconf 91' lang='lat' dir='ltr'><strong>res</strong></span> <span class='ocrx_word' id='word_1_46' title='bbox 379 991 439 1061; x_wconf 87' lang='lat' dir='ltr'><strong>ipsa</strong></span> <span class='ocrx_word' id='word_1_47' title='bbox 452 990 535 1067; x_wconf 86' lang='lat' dir='ltr'><strong>leret:¹</strong></span> <span class='ocrx_word' id='word_1_48' title='bbox 555 991 611 1045; x_wconf 92' lang='lat' dir='ltr'><strong>nisi</strong></span> <span class='ocrx_word' id='word_1_49' title='bbox 621 931 862 1061; x_wconf 50' lang='lat' dir='ltr'><strong>dextidridmpore.</strong></span> <span class='ocrx_word' id='word_1_50' title='bbox 879 989 975 1044; x_wconf 79' lang='lat' dir='ltr'><strong>Flacci</strong></span> 
     </span>
    </p>

    <p class='ocr_par' dir='ltr' id='par_1_4' title="bbox 117 1066 918 1139">
     <span class='ocr_line' id='line_1_9' title="bbox 117 1066 918 1139; baseline -0.005 -17"><span class='ocrx_word' id='word_1_51' title='bbox 117 1084 119 1087; x_wconf 87' lang='lat'>·</span> <span class='ocrx_word' id='word_1_52' title='bbox 220 1066 305 1122; x_wconf 86' lang='lat' dir='ltr'><strong>verba</strong></span> <span class='ocrx_word' id='word_1_53' title='bbox 317 1084 366 1139; x_wconf 90' lang='lat' dir='ltr'><strong>per</strong></span> <span class='ocrx_word' id='word_1_54' title='bbox 377 1074 506 1121; x_wconf 85' lang='lat' dir='ltr'><strong>attentam</strong></span> <span class='ocrx_word' id='word_1_55' title='bbox 519 1083 573 1122; x_wconf 91' lang='lat' dir='ltr'><strong>non</strong></span> <span class='ocrx_word' id='word_1_56' title='bbox 584 1067 665 1121; x_wconf 89' lang='lat' dir='ltr'><strong>ibunt</strong></span> <span class='ocrx_word' id='word_1_57' title='bbox 676 1066 801 1123; x_wconf 85' lang='lat' dir='ltr'><strong>Caesaris</strong></span> <span class='ocrx_word' id='word_1_58' title='bbox 811 1081 918 1127; x_wconf 88' lang='lat' dir='ltr'><strong>aurern,</strong></span> 
     </span>
    </p>

    <p class='ocr_par' dir='ltr' id='par_1_5' title="bbox 109 1141 935 1215">
     <span class='ocr_line' id='line_1_10' title="bbox 109 1141 935 1215; baseline -0.005 -17"><span class='ocrx_word' id='word_1_59' title='bbox 109 1178 111 1183; x_wconf 69' lang='lat'><strong>,</strong></span> <span class='ocrx_word' id='word_1_60' title='bbox 165 1154 193 1198; x_wconf 84' lang='lat' dir='ltr'><strong>tu</strong></span> <span class='ocrx_word' id='word_1_61' title='bbox 223 1142 270 1198; x_wconf 89' lang='lat' dir='ltr'><strong>cui</strong></span> <span class='ocrx_word' id='word_1_62' title='bbox 281 1143 353 1197; x_wconf 90' lang='lat' dir='ltr'><strong>male</strong></span> <span class='ocrx_word' id='word_1_63' title='bbox 363 1142 388 1197; x_wconf 91' lang='lat' dir='ltr'><strong>si</strong></span> <span class='ocrx_word' id='word_1_64' title='bbox 399 1143 521 1215; x_wconf 85' lang='lat' dir='ltr'><strong>palpare,</strong></span> <span class='ocrx_word' id='word_1_65' title='bbox 543 1144 698 1199; x_wconf 80' lang='lat' dir='ltr'><strong>recalcitrat</strong></span> <span class='ocrx_word' id='word_1_66' title='bbox 711 1141 838 1213; x_wconf 84' lang='lat' dir='ltr'><strong>undique</strong></span> <span class='ocrx_word' id='word_1_67' title='bbox 847 1149 935 1195; x_wconf 90' lang='lat' dir='ltr'><strong>tutus.</strong></span> 
     </span>
    </p>
   </div>
   <div class='ocr_carea' id='block_1_3' title="bbox 221 1216 1079 1291">
    <p class='ocr_par' dir='ltr' id='par_1_6' title="bbox 221 1216 1079 1291">
     <span class='ocr_line' id='line_1_11' title="bbox 221 1216 1079 1291; baseline -0.002 -17"><span class='ocrx_word' id='word_1_68' title='bbox 221 1238 291 1275; x_wconf 83' lang='lat' dir='ltr'><strong>raca.</strong></span> <span class='ocrx_word' id='word_1_69' title='bbox 302 1216 409 1285; x_wconf 89' lang='lat' dir='ltr'><strong>Quanto</strong></span> <span class='ocrx_word' id='word_1_70' title='bbox 416 1220 518 1273; x_wconf 88' lang='lat' dir='ltr'><strong>rectius</strong></span> <span class='ocrx_word' id='word_1_71' title='bbox 527 1218 589 1283; x_wconf 89' lang='lat' dir='ltr'><strong>hoe,</strong></span> <span class='ocrx_word' id='word_1_72' title='bbox 596 1236 679 1291; x_wconf 89' lang='lat' dir='ltr'><strong>quam</strong></span> <span class='ocrx_word' id='word_1_73' title='bbox 686 1219 759 1273; x_wconf 86' lang='lat' dir='ltr'><strong>tristi</strong></span> <span class='ocrx_word' id='word_1_74' title='bbox 770 1217 879 1273; x_wconf 88' lang='lat' dir='ltr'><strong>laedere</strong></span> <span class='ocrx_word' id='word_1_75' title='bbox 889 1234 976 1272; x_wconf 86' lang='lat' dir='ltr'><strong>versu</strong></span> <span class='ocrx_word' id='word_1_76' title='bbox 1078 1245 1079 1252; x_wconf 51' lang='lat'><strong>,</strong></span> 
     </span>
    </p>
   </div>
   <div class='ocr_carea' id='block_1_4' title="bbox 148 1295 975 2124">
    <p class='ocr_par' dir='ltr' id='par_1_7' title="bbox 148 1295 975 2124">
     <span class='ocr_line' id='line_1_12' title="bbox 220 1295 906 1363; baseline -0.006 -14"><span class='ocrx_word' id='word_1_77' title='bbox 220 1296 391 1350; x_wconf 80' lang='lat' dir='ltr'><strong><em>Pantolabum</em></strong></span> <span class='ocrx_word' id='word_1_78' title='bbox 403 1312 525 1350; x_wconf 83' lang='lat' dir='ltr'><strong>scurram</strong></span> <span class='ocrx_word' id='word_1_79' title='bbox 536 1295 774 1363; x_wconf 66' lang='lat' dir='ltr'><strong>Nomentanumque</strong></span> <span class='ocrx_word' id='word_1_80' title='bbox 783 1302 906 1361; x_wconf 79' lang='lat' dir='ltr'><strong>nepotem,</strong></span> 
     </span>
     <span class='ocr_line' id='line_1_13' title="bbox 220 1368 974 1443; baseline -0.004 -17"><span class='ocrx_word' id='word_1_81' title='bbox 220 1387 308 1443; x_wconf 88' lang='lat' dir='ltr'>quum</span> <span class='ocrx_word' id='word_1_82' title='bbox 319 1368 374 1424; x_wconf 90' lang='lat' dir='ltr'><strong>sibi</strong></span> <span class='ocrx_word' id='word_1_83' title='bbox 385 1370 506 1442; x_wconf 78' lang='lat' dir='ltr'><strong>quisque</strong></span> <span class='ocrx_word' id='word_1_84' title='bbox 515 1370 603 1434; x_wconf 87' lang='lat' dir='ltr'><strong>timet,</strong></span> <span class='ocrx_word' id='word_1_85' title='bbox 611 1386 780 1442; x_wconf 79' lang='lat' dir='ltr'><strong>quamquam</strong></span> <span class='ocrx_word' id='word_1_86' title='bbox 790 1379 832 1423; x_wconf 89' lang='lat' dir='ltr'><strong>est</strong></span> <span class='ocrx_word' id='word_1_87' title='bbox 841 1369 974 1433; x_wconf 86' lang='lat' dir='ltr'><strong>intactus,</strong></span> 
     </span>
     <span class='ocr_line' id='line_1_14' title="bbox 662 1444 768 1500; baseline -0.009 0"><span class='ocrx_word' id='word_1_88' title='bbox 662 1453 689 1500; x_wconf 89' lang='lat' dir='ltr'><strong>et</strong></span> <span class='ocrx_word' id='word_1_89' title='bbox 699 1444 768 1500; x_wconf 90' lang='lat' dir='ltr'><strong>odit.</strong></span> 
     </span>
     <span class='ocr_line' id='line_1_15' title="bbox 222 1518 964 1589; baseline -0.007 -9"><span class='ocrx_word' id='word_1_90' title='bbox 222 1540 281 1580; x_wconf 78' lang='lat' dir='ltr'><strong>eoa.</strong></span> <span class='ocrx_word' id='word_1_91' title='bbox 297 1518 371 1589; x_wconf 86' lang='lat' dir='ltr'><strong>Quid</strong></span> <span class='ocrx_word' id='word_1_92' title='bbox 383 1518 502 1575; x_wconf 79' lang='lat' dir='ltr'><strong>luciam?</strong></span> <span class='ocrx_word' id='word_1_93' title='bbox 514 1520 599 1575; x_wconf 85' lang='lat' dir='ltr'><strong>Saltat</strong></span> <span class='ocrx_word' id='word_1_94' title='bbox 608 1520 751 1585; x_wconf 83' lang='lat' dir='ltr'><strong>Milonius,</strong></span> <span class='ocrx_word' id='word_1_95' title='bbox 764 1530 796 1575; x_wconf 94' lang='lat' dir='ltr'><strong>ut</strong></span> <span class='ocrx_word' id='word_1_96' title='bbox 808 1519 895 1574; x_wconf 88' lang='lat' dir='ltr'><strong>semel</strong></span> <span class='ocrx_word' id='word_1_97' title='bbox 906 1520 964 1575; x_wconf 86' lang='lat' dir='ltr'><strong>icto</strong></span> 
     </span>
     <span class='ocr_line' id='line_1_16' title="bbox 165 1596 890 1670; baseline -0.001 -18"><span class='ocrx_word' id='word_1_98' title='bbox 165 1608 193 1652; x_wconf 77' lang='lat'><strong>25</strong></span> <span class='ocrx_word' id='word_1_99' title='bbox 224 1597 342 1657; x_wconf 86' lang='lat' dir='ltr'><strong>accessit</strong></span> <span class='ocrx_word' id='word_1_100' title='bbox 355 1596 447 1652; x_wconf 87' lang='lat' dir='ltr'><strong>lervor</strong></span> <span class='ocrx_word' id='word_1_101' title='bbox 457 1598 544 1669; x_wconf 90' lang='lat' dir='ltr'><strong>capiti</strong></span> <span class='ocrx_word' id='word_1_102' title='bbox 553 1614 743 1670; x_wconf 86' lang='lat' dir='ltr'>numerusque</span> <span class='ocrx_word' id='word_1_103' title='bbox 754 1597 890 1666; x_wconf 88' lang='lat' dir='ltr'><strong>lucernis;</strong></span> 
     </span>
     <span class='ocr_line' id='line_1_17' title="bbox 223 1671 876 1747; baseline -0.005 -18"><span class='ocrx_word' id='word_1_104' title='bbox 223 1673 317 1729; x_wconf 82' lang='lat' dir='ltr'><strong>Castor</strong></span> <span class='ocrx_word' id='word_1_105' title='bbox 327 1672 431 1747; x_wconf 79' lang='lat' dir='ltr'><strong>gaudet</strong></span> <span class='ocrx_word' id='word_1_106' title='bbox 440 1674 538 1746; x_wconf 80' lang='lat' dir='ltr'><strong>equis,</strong></span> <span class='ocrx_word' id='word_1_107' title='bbox 553 1689 606 1728; x_wconf 82' lang='lat' dir='ltr'><strong>ovo</strong></span> <span class='ocrx_word' id='word_1_108' title='bbox 616 1672 768 1747; x_wconf 76' lang='lat' dir='ltr'><strong>prognatus</strong></span> <span class='ocrx_word' id='word_1_109' title='bbox 779 1671 876 1728; x_wconf 89' lang='lat' dir='ltr'><strong>eodem</strong></span> 
     </span>
     <span class='ocr_line' id='line_1_18' title="bbox 222 1747 975 1823; baseline -0.001 -20"><span class='ocrx_word' id='word_1_110' title='bbox 222 1749 340 1823; x_wconf 82' lang='lat' dir='ltr'>pugnis:</span> <span class='ocrx_word' id='word_1_111' title='bbox 354 1758 422 1820; x_wconf 91' lang='lat' dir='ltr'><strong>quot</strong></span> <span class='ocrx_word' id='word_1_112' title='bbox 432 1749 555 1820; x_wconf 88' lang='lat' dir='ltr'><strong>capitum</strong></span> <span class='ocrx_word' id='word_1_113' title='bbox 564 1749 673 1811; x_wconf 83' lang='lat' dir='ltr'><strong>vivunt,</strong></span> <span class='ocrx_word' id='word_1_114' title='bbox 688 1747 803 1804; x_wconf 89' lang='lat' dir='ltr'><strong>totidem</strong></span> <span class='ocrx_word' id='word_1_115' title='bbox 813 1748 975 1803; x_wconf 89' lang='lat' dir='ltr'><strong>studiorum</strong></span> 
     </span>
     <span class='ocr_line' id='line_1_19' title="bbox 221 1824 887 1897; baseline -0.003 -17"><span class='ocrx_word' id='word_1_116' title='bbox 221 1825 324 1880; x_wconf 90' lang='lat' dir='ltr'><strong>millia:</strong></span> <span class='ocrx_word' id='word_1_117' title='bbox 340 1827 391 1879; x_wconf 84' lang='lat' dir='ltr'><strong>&#39;me</strong></span> <span class='ocrx_word' id='word_1_118' title='bbox 401 1824 522 1897; x_wconf 91' lang='lat' dir='ltr'><strong>pedibus</strong></span> <span class='ocrx_word' id='word_1_119' title='bbox 533 1824 652 1879; x_wconf 89' lang='lat' dir='ltr'><strong>delectat</strong></span> <span class='ocrx_word' id='word_1_120' title='bbox 661 1824 887 1881; x_wconf 82' lang='lat' dir='ltr'><strong>claudere&#39;varba</strong></span> 
     </span>
     <span class='ocr_line' id='line_1_20' title="bbox 222 1901 841 1972; baseline -0.005 -16"><span class='ocrx_word' id='word_1_121' title='bbox 222 1901 313 1956; x_wconf 86' lang='lat' dir='ltr'><strong>Lucili</strong></span> <span class='ocrx_word' id='word_1_122' title='bbox 324 1902 389 1964; x_wconf 89' lang='lat' dir='ltr'><strong>ritu,</strong></span> <span class='ocrx_word' id='word_1_123' title='bbox 400 1910 524 1955; x_wconf 90' lang='lat' dir='ltr'><strong>nostrum</strong></span> <span class='ocrx_word' id='word_1_124' title='bbox 535 1901 660 1955; x_wconf 89' lang='lat' dir='ltr'><strong>melioris</strong></span> <span class='ocrx_word' id='word_1_125' title='bbox 668 1911 796 1972; x_wconf 75' lang='lat' dir='ltr'><strong>utroque,</strong></span> <span class='ocrx_word' id='word_1_126' title='bbox 838 1949 841 1953; x_wconf 85' lang='grc'><em>,</em></span> 
     </span>
     <span class='ocr_line' id='line_1_21' title="bbox 148 1976 774 2034; baseline -0.003 -2"><span class='ocrx_word' id='word_1_127' title='bbox 148 2019 150 2026; x_wconf 92' lang='grc'>.</span> <span class='ocrx_word' id='word_1_128' title='bbox 165 1987 192 2032; x_wconf 82' lang='lat'><strong>30</strong></span> <span class='ocrx_word' id='word_1_129' title='bbox 220 1977 270 2034; x_wconf 90' lang='lat' dir='ltr'><strong>llle</strong></span> <span class='ocrx_word' id='word_1_130' title='bbox 281 1977 359 2032; x_wconf 90' lang='lat' dir='ltr'><strong>velut</strong></span> <span class='ocrx_word' id='word_1_131' title='bbox 369 1976 433 2032; x_wconf 90' lang='lat' dir='ltr'><strong>lidis</strong></span> <span class='ocrx_word' id='word_1_132' title='bbox 444 1993 543 2032; x_wconf 88' lang='lat' dir='ltr'><strong>aroana</strong></span> <span class='ocrx_word' id='word_1_133' title='bbox 553 1976 697 2032; x_wconf 84' lang='lat' dir='ltr'><strong>sodalibus</strong></span> <span class='ocrx_word' id='word_1_134' title='bbox 706 1976 774 2032; x_wconf 92' lang='lat' dir='ltr'><strong>olim</strong></span> 
     </span>
     <span class='ocr_line' id='line_1_22' title="bbox 220 2052 975 2124; baseline -0.003 -16"><span class='ocrx_word' id='word_1_135' title='bbox 220 2053 350 2109; x_wconf 89' lang='lat' dir='ltr'><strong>credebat</strong></span> <span class='ocrx_word' id='word_1_136' title='bbox 362 2052 453 2117; x_wconf 89' lang='lat' dir='ltr'><strong>libris,</strong></span> <span class='ocrx_word' id='word_1_137' title='bbox 466 2069 567 2124; x_wconf 89' lang='lat' dir='ltr'><strong>neque,</strong></span> <span class='ocrx_word' id='word_1_138' title='bbox 577 2054 602 2107; x_wconf 90' lang='lat' dir='ltr'><strong>si</strong></span> <span class='ocrx_word' id='word_1_139' title='bbox 613 2052 685 2107; x_wconf 89' lang='lat' dir='ltr'><strong>mala</strong></span> <span class='ocrx_word' id='word_1_140' title='bbox 697 2061 825 2115; x_wconf 83' lang='lat' dir='ltr'><strong>cesserat,</strong></span> <span class='ocrx_word' id='word_1_141' title='bbox 837 2068 975 2124; x_wconf 87' lang='lat' dir='ltr'><strong>umquam</strong></span> 
     </span>
    </p>
   </div>
   <div class='ocr_carea' id='block_1_5' title="bbox 40 2127 954 2200">
    <p class='ocr_par' dir='ltr' id='par_1_8' title="bbox 40 2127 954 2200">
     <span class='ocr_line' id='line_1_23' title="bbox 40 2127 954 2200; baseline -0.002 -16"><span class='ocrx_word' id='word_1_142' title='bbox 40 2139 43 2144; x_wconf 84' lang='grc'><em>“</em></span> <span class='ocrx_word' id='word_1_143' title='bbox 131 2195 132 2198; x_wconf 10' lang='lat'>¹</span> <span class='ocrx_word' id='word_1_144' title='bbox 222 2129 371 2186; x_wconf 85' lang='lat' dir='ltr'><strong>decurrens</strong></span> <span class='ocrx_word' id='word_1_145' title='bbox 383 2128 447 2192; x_wconf 87' lang='lat' dir='ltr'><strong>alio,</strong></span> <span class='ocrx_word' id='word_1_146' title='bbox 459 2145 549 2200; x_wconf 89' lang='lat' dir='ltr'><strong>neque</strong></span> <span class='ocrx_word' id='word_1_147' title='bbox 560 2129 584 2183; x_wconf 93' lang='lat' dir='ltr'><strong>si</strong></span> <span class='ocrx_word' id='word_1_148' title='bbox 595 2129 679 2184; x_wconf 88' lang='lat' dir='ltr'><strong>bene:</strong></span> <span class='ocrx_word' id='word_1_149' title='bbox 702 2145 757 2200; x_wconf 91' lang='lat' dir='ltr'><strong>quo</strong></span> <span class='ocrx_word' id='word_1_150' title='bbox 768 2127 808 2190; x_wconf 85' lang='lat' dir='ltr'><strong>tit,</strong></span> <span class='ocrx_word' id='word_1_151' title='bbox 820 2138 851 2182; x_wconf 94' lang='lat' dir='ltr'><strong>ut</strong></span> <span class='ocrx_word' id='word_1_152' title='bbox 860 2128 954 2182; x_wconf 85' lang='lat' dir='ltr'><strong>omnia</strong></span> 
     </span>
    </p>
   </div>
   <div class='ocr_carea' id='block_1_6' title="bbox 148 2204 974 2879">
    <p class='ocr_par' dir='ltr' id='par_1_9' title="bbox 221 2204 973 2428">
     <span class='ocr_line' id='line_1_24' title="bbox 221 2204 878 2277; baseline -0.005 -18"><span class='ocrx_word' id='word_1_153' title='bbox 221 2205 315 2261; x_wconf 84' lang='lat' dir='ltr'><strong>votiva</strong></span> <span class='ocrx_word' id='word_1_154' title='bbox 326 2213 417 2277; x_wconf 88' lang='lat' dir='ltr'><strong>pateat</strong></span> <span class='ocrx_word' id='word_1_155' title='bbox 428 2205 513 2259; x_wconf 89' lang='lat' dir='ltr'><strong>veluti</strong></span> <span class='ocrx_word' id='word_1_156' title='bbox 526 2204 665 2276; x_wconf 90' lang='lat' dir='ltr'><strong>descripta</strong></span> <span class='ocrx_word' id='word_1_157' title='bbox 676 2204 778 2259; x_wconf 89' lang='lat' dir='ltr'><strong>tabella</strong></span> <span class='ocrx_word' id='word_1_158' title='bbox 875 2253 878 2256; x_wconf 81' lang='grc'><em>,</em></span> 
     </span>
     <span class='ocr_line' id='line_1_25' title="bbox 222 2279 973 2352; baseline -0.003 -16"><span class='ocrx_word' id='word_1_159' title='bbox 222 2282 279 2336; x_wconf 83' lang='lat' dir='ltr'><strong>uita</strong></span> <span class='ocrx_word' id='word_1_160' title='bbox 299 2281 386 2336; x_wconf 88' lang='lat' dir='ltr'><strong>sanis.</strong></span> <span class='ocrx_word' id='word_1_161' title='bbox 426 2279 534 2352; x_wconf 86' lang='lat' dir='ltr'><strong>Sequor</strong></span> <span class='ocrx_word' id='word_1_162' title='bbox 550 2281 635 2345; x_wconf 93' lang='lat' dir='ltr'><strong>hunc,</strong></span> <span class='ocrx_word' id='word_1_163' title='bbox 655 2281 784 2336; x_wconf 87' lang='lat' dir='ltr'><strong>Lucanus</strong></span> <span class='ocrx_word' id='word_1_164' title='bbox 800 2295 834 2333; x_wconf 94' lang='lat' dir='ltr'><strong>an</strong></span> <span class='ocrx_word' id='word_1_165' title='bbox 849 2279 973 2351; x_wconf 76' lang='lat' dir='ltr'><strong>Apulus,</strong></span> 
     </span>
     <span class='ocr_line' id='line_1_26' title="bbox 662 2372 833 2428; baseline -0.012 -17"><span class='ocrx_word' id='word_1_166' title='bbox 662 2372 778 2428; x_wconf 85' lang='lat' dir='ltr'><strong>anceps:</strong></span> <span class='ocrx_word' id='word_1_167' title='bbox 793 2385 833 2398; x_wconf 90' lang='lat'><em>-</em></span> 
     </span>
    </p>

    <p class='ocr_par' dir='ltr' id='par_1_10' title="bbox 164 2429 972 2654">
     <span class='ocr_line' id='line_1_27' title="bbox 164 2429 972 2502; baseline -0.001 -16"><span class='ocrx_word' id='word_1_168' title='bbox 164 2442 190 2486; x_wconf 79' lang='lat'><strong>35</strong></span> <span class='ocrx_word' id='word_1_169' title='bbox 219 2432 448 2488; x_wconf 90' lang='lat' dir='ltr'><strong>namVenusinus</strong></span> <span class='ocrx_word' id='word_1_170' title='bbox 459 2441 516 2486; x_wconf 88' lang='lat' dir='ltr'><strong>arat</strong></span> <span class='ocrx_word' id='word_1_171' title='bbox 528 2429 610 2485; x_wconf 89' lang='lat' dir='ltr'><strong>linem</strong></span> <span class='ocrx_word' id='word_1_172' title='bbox 621 2431 675 2486; x_wconf 89' lang='lat' dir='ltr'><strong>sub</strong></span> <span class='ocrx_word' id='word_1_173' title='bbox 685 2442 835 2502; x_wconf 89' lang='lat' dir='ltr'><strong>utrumque</strong></span> <span class='ocrx_word' id='word_1_174' title='bbox 845 2430 972 2493; x_wconf 91' lang='lat' dir='ltr'><strong>colonus,</strong></span> 
     </span>
     <span class='ocr_line' id='line_1_28' title="bbox 220 2506 971 2577; baseline -0.003 -15"><span class='ocrx_word' id='word_1_175' title='bbox 220 2509 323 2562; x_wconf 89' lang='lat' dir='ltr'><strong>missus</strong></span> <span class='ocrx_word' id='word_1_176' title='bbox 334 2506 369 2562; x_wconf 91' lang='lat' dir='ltr'><strong>ad</strong></span> <span class='ocrx_word' id='word_1_177' title='bbox 379 2506 432 2561; x_wconf 91' lang='lat' dir='ltr'><strong>hoc</strong></span> <span class='ocrx_word' id='word_1_178' title='bbox 442 2507 543 2577; x_wconf 86' lang='lat' dir='ltr'><strong>pulsis,</strong></span> <span class='ocrx_word' id='word_1_179' title='bbox 553 2517 634 2563; x_wconf 86' lang='lat' dir='ltr'><strong>vetus</strong></span> <span class='ocrx_word' id='word_1_180' title='bbox 645 2517 727 2562; x_wconf 89' lang='lat' dir='ltr'><strong>estut</strong></span> <span class='ocrx_word' id='word_1_181' title='bbox 738 2506 824 2571; x_wconf 88' lang='lat' dir='ltr'><strong>lama,</strong></span> <span class='ocrx_word' id='word_1_182' title='bbox 837 2506 971 2569; x_wconf 85' lang='lat' dir='ltr'><strong>Sabellis,</strong></span> 
     </span>
     <span class='ocr_line' id='line_1_29' title="bbox 221 2582 918 2654; baseline 0 -18"><span class='ocrx_word' id='word_1_183' title='bbox 221 2599 276 2654; x_wconf 91' lang='lat' dir='ltr'><strong>quo</strong></span> <span class='ocrx_word' id='word_1_184' title='bbox 287 2598 510 2654; x_wconf 79' lang='lat' dir='ltr'><strong>sapervacuum</strong></span> <span class='ocrx_word' id='word_1_185' title='bbox 523 2583 644 2639; x_wconf 84' lang='lat' dir='ltr'><strong>Romano</strong></span> <span class='ocrx_word' id='word_1_186' title='bbox 654 2585 807 2638; x_wconf 89' lang='lat' dir='ltr'><strong>incurreret</strong></span> <span class='ocrx_word' id='word_1_187' title='bbox 820 2582 918 2645; x_wconf 86' lang='lat' dir='ltr'><strong>hostis,</strong></span> 
     </span>
    </p>

    <p class='ocr_par' dir='ltr' id='par_1_11' title="bbox 148 2655 974 2879">
     <span class='ocr_line' id='line_1_30' title="bbox 148 2655 946 2736; baseline 0 -25"><span class='ocrx_word' id='word_1_188' title='bbox 148 2721 154 2736; x_wconf 34' lang='grc' dir='ltr'>ι</span> <span class='ocrx_word' id='word_1_189' title='bbox 167 2704 173 2736; x_wconf 29' lang='lat'><strong>⁴.</strong></span> <span class='ocrx_word' id='word_1_190' title='bbox 220 2658 281 2711; x_wconf 88' lang='lat' dir='ltr'><strong>sive</strong></span> <span class='ocrx_word' id='word_1_191' title='bbox 293 2655 366 2728; x_wconf 85' lang='lat' dir='ltr'><strong>quod</strong></span> <span class='ocrx_word' id='word_1_192' title='bbox 379 2655 466 2728; x_wconf 77' lang='lat' dir='ltr'><strong>ripula</strong></span> <span class='ocrx_word' id='word_1_193' title='bbox 481 2675 550 2732; x_wconf 80' lang='lat' dir='ltr'><strong>gens</strong></span> <span class='ocrx_word' id='word_1_194' title='bbox 561 2675 610 2713; x_wconf 90' lang='lat' dir='ltr'><strong>seu</strong></span> <span class='ocrx_word' id='word_1_195' title='bbox 621 2659 696 2730; x_wconf 91' lang='lat' dir='ltr'><strong>quod</strong></span> <span class='ocrx_word' id='word_1_196' title='bbox 707 2658 828 2713; x_wconf 91' lang='lat' dir='ltr'><strong>Lucania</strong></span> <span class='ocrx_word' id='word_1_197' title='bbox 839 2657 946 2712; x_wconf 89' lang='lat' dir='ltr'><strong>ballum</strong></span> 
     </span>
     <span class='ocr_line' id='line_1_31' title="bbox 221 2732 974 2810; baseline 0.001 -23"><span class='ocrx_word' id='word_1_198' title='bbox 221 2734 357 2788; x_wconf 89' lang='lat' dir='ltr'><strong>incuteret</strong></span> <span class='ocrx_word' id='word_1_199' title='bbox 367 2732 499 2787; x_wconf 84' lang='lat' dir='ltr'><strong>violenta.</strong></span> <span class='ocrx_word' id='word_1_200' title='bbox 514 2733 570 2788; x_wconf 88' lang='lat' dir='ltr'><strong>Sed</strong></span> <span class='ocrx_word' id='word_1_201' title='bbox 580 2733 627 2788; x_wconf 91' lang='lat' dir='ltr'><strong>hic</strong></span> <span class='ocrx_word' id='word_1_202' title='bbox 637 2733 887 2810; x_wconf 82' lang='lat' dir='ltr'><strong>stylushaudpetet</strong></span> <span class='ocrx_word' id='word_1_203' title='bbox 897 2733 974 2788; x_wconf 90' lang='lat' dir='ltr'><strong>ultro</strong></span> 
     </span>
     <span class='ocr_line' id='line_1_32' title="bbox 164 2809 974 2879; baseline 0.005 -20"><span class='ocrx_word' id='word_1_204' title='bbox 164 2812 192 2859; x_wconf 69' lang='lat' dir='ltr'><strong>lu</strong></span> <span class='ocrx_word' id='word_1_205' title='bbox 220 2809 974 2879; x_wconf 79' lang='lat' dir='ltr'><strong>quemquamanimantem,etmevolaticustodietensis</strong></span> 
     </span>
    </p>
   </div>
   <div class='ocr_carea' id='block_1_7' title="bbox 0 0 1084 3150">
    <p class='ocr_par' dir='ltr' id='par_1_12' title="bbox 0 0 1084 3150">
     <span class='ocr_line' id='line_1_33' title="bbox 0 0 1084 3150; baseline 0 0"><span class='ocrx_word' id='word_1_206' title='bbox 0 0 1084 3150; x_wconf 95' lang='lat' dir='ltr'><strong> </strong></span> 
     </span>
    </p>
   </div>
  </div>
 </body>
</html>
