2159 3150
318 315 395 359 clu.
415 315 451 358 11.
479 314 572 359 SAT.
593 315 642 358 lll.
805 313 855 363 ⁵213

101 412 199 479 »Quid
212 414 236 467 si
251 415 315 485 quis
327 426 436 487 gnatam
451 432 500 485 pro
513 425 586 468 muta
598 414 716 469 devovet
726 432 806 488 agna.

102 491 225 563 »integer
236 499 278 543 est
288 489 392 545 animi‘?
410 492 449 545 Ne
461 490 578 545 dixeris.
603 491 675 562 Ergo
686 490 735 543 ubi
746 509 831 562 prava
871 506 911 549 222

102 565 245 627 »stultitia
259 564 305 619 hic
316 583 423 621 summa
435 576 477 621 est
487 566 610 633 insania;
623 566 671 637 qui
684 566 843 626 sceleratus,

102 651 142 695 net
152 640 277 695 furiosus
288 643 353 708 erit3
368 659 451 713 quem
464 644 538 713 cepit
549 642 635 695 vitrea
649 640 731 704 lama,

102 716 191 771 »hunc
202 719 400 773 circumtonuit
409 717 534 791 gaudens
545 717 656 771 Bellone
671 720 801 773 cruentis.
812 750 850 762 -

101 794 196 847 »Nunc
208 810 267 865 age,
291 794 430 849 luxuriam
441 804 468 847 et
478 794 681 848 Nomentanum
693 794 784 866 arripe
796 813 854 850 me-

599 885 677 923 cum:

100 944 210 997 »vincet
221 946 295 999 enim
306 944 405 999 stultos
415 945 483 999 ratio
495 946 617 999 insanire
628 954 749 1015 nepotes.
868 958 909 1002 225

100 1019 166 1072 »Hic
177 1020 262 1074 simul
277 1022 384 1093 accepit
393 1022 542 1093 patrimoni
556 1020 635 1074 mille
646 1020 757 1083 talenta,

99 1094 210 1155 aedicit,
223 1096 343 1166 piscator
353 1098 404 1160 uti,
416 1097 568 1167 pomarius,
582 1112 694 1167 auceps,

99 1174 317 1243 »unguentarius
328 1190 360 1225 ac
371 1172 454 1226 Tusci
465 1171 546 1226 turba
557 1172 644 1243 impia
659 1171 725 1234 vici,

99 1264 179 1301 »eum
190 1250 294 1301 scurris
306 1247 399 1310 fartor,
412 1264 475 1302 eum
487 1247 606 1303 Velabro
615 1264 697 1301 omne
708 1248 855 1302 macellum

98 1340 195 1377 »mane
211 1323 324 1378 domurn
339 1324 462 1377 veniant.
488 1322 562 1391 Quid
579 1320 656 1378 tum?
679 1322 784 1377 Venere
796 1322 852 1377 ire-

597 1407 724 1469 quentes,
867 1410 908 1453 232

97 1473 199 1528 »verba
211 1474 277 1528 lacit
287 1474 363 1529 leno:
386 1472 557 1546 anuidquid
570 1473 653 1535 mihi,
670 1473 810 1546 quidquid
824 1483 851 1530 et

599 1548 699 1605 horum

96 1627 230 1698 saeuique
245 1625 319 1682 dorni
336 1637 391 1690 est,
415 1624 442 1681 id
464 1625 546 1680 crede
561 1636 655 1690 tuum,
676 1635 703 1681 et
718 1625 762 1680 vel
778 1643 852 1682 nunc

597 1711 660 1772 pete
671 1702 714 1756 vel
727 1719 827 1756 crasa«

95 1777 225 1848 adccipe,
238 1777 307 1848 quid
319 1787 411 1832 contra
426 1778 537 1832 iuvenis
549 1777 723 1850 responderit
732 1795 848 1849 aequus.

95 1854 156 1907 anln
168 1854 233 1907 nive
243 1855 352 1908 Lucana
365 1852 468 1907 dormis
479 1861 614 1915 ocreatus,
628 1863 658 1906 ut
668 1848 765 1923 aprum

95 1946 240 1984 »acoenein
246 1945 309 2002 ego:
322 1928 612 1999 tupiscesliibernoex
619 1946 737 2001 aequore
750 1930 848 1983 verris.
864 1938 905 1983 255

95 2004 228 2077 neSegnis
239 2020 304 2078 ego,
327 2004 476 2078 indignus.
497 2005 548 2076 qui
558 2014 664 2059 tantum
676 2004 849 2076 possideam:

597 2080 688 2134 aulerl

95 2173 205 2210 ansuino
219 2155 270 2210 tibi
281 2155 389 2210 decies!
403 2155 454 2211 riti
469 2157 656 2211 tantumdem!
670 2155 721 2210 tibi
734 2157 846 2227 triplex,

96 2231 201 2285 »nunde
212 2248 281 2286 uxor
292 2231 384 2286 inedia
394 2232 481 2285 currit
490 2233 525 2285 de
540 2241 618 2287 nocte
631 2240 764 2286 vocatae«

95 2307 201 2362 »Filius
213 2309 313 2378 Aesopi
325 2307 474 2368 detractam
489 2325 524 2362 ex
535 2325 601 2363 aure
615 2308 751 2371 Metellae,

95 2383 218 2437 »seilicet
232 2394 262 2438 ut
273 2381 367 2438 decies
378 2382 498 2438 solidum
511 2383 680 2444 exsorberet,
692 2390 768 2437 aceto
865 2387 906 2436 ato

94 2459 194 2514 »diluit
208 2460 348 2531 insignem
362 2460 488 2514 baccam:
504 2461 553 2530 qui
565 2460 666 2518 sanior,
680 2461 745 2512 acsi

95 2535 182 2590 nillud
194 2534 270 2588 idem
280 2535 308 2588 in
320 2529 851 2606 rapidumllumeniaceretvecloaoaml

94 2610 222 2678 »Quincti
235 2613 382 2684 progenies
393 2613 464 2670 Arri,
477 2627 526 2681 par
538 2611 631 2666 nobile
644 2611 769 2670 lratrum.

94 2689 235 2759 »nequitia
247 2697 273 2741 at
283 2689 367 2760 nugis
377 2704 526 2758 pravorum
538 2697 565 2741 et
579 2704 670 2741 amore
681 2685 844 2758 gemellum,

94 2763 245 2818 »luscinias
256 2763 331 2817 soliti
344 2765 470 2833 impenso
481 2762 617 2832 prandere
628 2771 758 2821 coenatos,
863 2763 906 2811 tte

93 2830 864 2910 »quorsumabeant‘lsaniutcretaanearbonenotandi?
