2159 3150
235 299 285 352 202
476 298 746 345 SATIRARUM

233 406 405 460 »Ferreolum
420 418 522 473 magno,
530 417 661 472 magnum
671 408 796 469 spectare
807 400 898 455 catino

178 488 204 536 tt
234 474 884 550 »vellem«aitllarpyiisguladlgnarapaeibus.
897 475 987 529 lituos

234 550 987 629 praesentes,Austri,cnquitehorumopsoninlQuarn-

675 642 758 697 quam

185 704 188 711 '
235 715 384 778 putetaper
391 696 581 773 rbnmbueque
587 718 693 763 reeens,
706 702 776 755 mala
788 700 987 771 eopiaquando

235 777 674 854 aegrumsollieitatstomaebum‚
681 794 770 847 quum
781 777 878 851 rapula
884 776 986 847 plenus

235 853 639 928 atqueaeidasmauultinulas.
655 852 781 908 Necdum
792 848 986 907 omnisabaeta

177 940 204 989 45
224 932 372 1007 pauperies
382 931 474 1002 epulis
485 945 598 1003 regum:
618 946 683 983 nam
694 926 801 983 vilibus
810 928 872 983 ovis

229 1010 381 1082 'nigrisque
391 1015 434 1061 est
442 1005 512 1061 alais
524 1004 607 1059 bodie
620 1004 708 1059 loeus.
734 1004 812 1059 Haud
826 1004 864 1057 ita
876 1003 986 1075 pridem

235 1084 345 1141 Gallnnl
359 1082 503 1156 praeconis
515 1091 573 1137 erat
582 1081 743 1152 acipensere
754 1096 848 1135 mensa

233 1159 358 1216 infamia.
375 1156 469 1225 Quid?
479 1166 536 1212 turn
548 1155 679 1211 rbembes
690 1157 783 1285 miups
796 1172 916 1225 aequora
927 1155 987 1210 ale-

679 1231 746 1286 bant

235 1313 323 1367 Tutus
333 1317 391 1365 erat
400 1308 535 1365 rhombus
546 1316 660 1379 uimque
670 1306 778 1362 eiennia
789 1307 866 1369 nido,

180 1398 206 1441 tt
235 1384 770 1454 doneevosarreterdoeuitpraetorius
798 1382 872 1456 Ergo
963 1404 967 1411 ·

234 1462 332 1533 siquis
343 1478 418 1515 nune
431 1476 539 1534 mergos
549 1476 650 1514 suaves
661 1457 782 1514 edixerit
794 1474 881 1522 asses,

235 1536 344 1611 parebit
354 1536 432 1609 pravi
444 1536 545 1592 docilis
555 1535 676 1591 Romana
689 1534 831 1590 iuventus.

237 1613 373 1670 Sordidus
387 1631 401 1668 a
413 1614 489 1667 tenui
501 1614 578 1667 vietu
588 1610 713 1672 distabit,
724 1609 815 1665 Olello

234 1688 342 1744 iudice:
358 1705 421 1743 nam
436 1688 535 1743 irustra
548 1687 649 1742 vitium
660 1688 792 1740 vitaveris
803 1685 885 1751 illud,

179 1778 205 1820 ⁵5
234 1766 259 1820 si
270 1774 296 1820 te
308 1764 362 1820 alio
373 1781 475 1837 pravus
488 1763 647 1818 detorseris.
679 1760 841 1823 Avidienus,

233 1841 278 1895 eui
290 1840 373 1896 Canis
382 1857 418 1894 ex
428 1855 493 1894 vern
504 1838 619 1894 ductum
628 1853 782 1910 enguomen
793 1836 937 1899 adhaeret,

234 1919 430 1988 quinquennes
440 1915 515 1970 oleas
526 1923 569 1968 est
578 1924 605 1969 et
615 1913 754 1968 silvestria
766 1929 858 1977 dorna.

235 2009 266 2048 se
276 1993 331 2046 nisi
343 2000 477 2046 mutatum
487 1991 576 2062 parcit
585 1988 738 2043 delundare
749 1989 857 2051 vinum,
869 1997 907 2049 et,

233 2069 314 2124 euius
325 2067 436 2123 adorem
447 2065 502 2122 olei
516 2081 638 2136 nequeas
649 2063 770 2137 perierre
782 2093 821 2106 -··
831 2063 929 2119 lieebit

177 2155 205 2198 tt
233 2143 282 2199 ille
294 2143 407 2215 repotia,
424 2142 529 2196 natales
540 2142 645 2196 aliusve
656 2139 765 2195 dierum

235 2219 317 2274 iestos
329 2218 438 2273 albatus
450 2217 618 2272 celebret-
630 2232 715 2270 enrnu
727 2215 789 2287 ipss
799 2214 897 2268 bilibri

234 2294 362 2350 caulibus
373 2293 502 2356 instillat,
515 2293 617 2347 veteris
628 2309 681 2346 nnn
693 2307 793 2363 pareus
803 2291 887 2345 aeeti.

231 2369 312 2438 Quali
325 2369 496 2444 igiturvietu
507 2369 620 2440 sepiens
630 2376 731 2430 utetur,
743 2376 771 2421 et
781 2366 879 2421 berurn

231 2454 323 2500 utrum
340 2442 514 2500 imitabitur?
538 2444 594 2498 liae
609 2450 690 2516 urget
704 2442 804 2513 iupus,
826 2441 983 2506 baccanis,

401 2531 403 2536 ’
626 2561 627 2564 ,
672 2519 760 2572 aiunt.

177 2603 203 2648 tt
233 2593 353 2648 blundus
363 2595 485 2665 eritrqui
496 2611 550 2648 non
560 2591 681 2648 offendat
689 2592 830 2654 sordibus,
842 2600 926 2662 atque

233 2669 262 2722 in
274 2677 398 2723 neutram
410 2677 514 2739 partem
525 2669 717 2723 cultusmieer.
729 2668 983 2738 llicuequeservis,

234 2742 331 2797 Albuti
342 2745 417 2797 senis
428 2743 565 2815 exemplo,
578 2743 645 2796 dum
656 2745 751 2798 munia
762 2743 844 2806 didit,

236 2817 982 2890 saevuserit,nequesic.utsimplexNaevius.unetam
