2159 3150
305 310 608 356 mutuemus
695 373 698 380 Ι
776 306 820 359 ΠΙ

74 412 142 467 haec
157 428 202 465 res
214 420 241 465 et
250 410 350 483 iungit.
363 410 471 465 iunctos
481 420 508 463 et
521 419 612 463 servat
625 412 737 465 amicos.

73 488 107 541 ,lt
119 504 170 541 nos
181 486 300 540 virtutes
311 486 385 556 ipsos
395 484 560 539 invertimus
571 494 651 555 utque
851 499 875 541 tt

72 564 216 615 sincerum
230 561 360 631 cupimus
370 577 418 613 vos
429 560 592 613 incrustare.
624 558 728 615 l’robus
737 562 801 631 quis

72 637 221 691 nobiscum
232 635 314 699 vivit,
328 633 447 689 multum
458 634 597 689 demissus
608 633 703 689 homo:
718 634 760 689 illi

73 710 151 765 tardo
162 727 314 783 cognomen
325 710 423 781 pingui
438 709 547 765 damus.
570 709 620 763 llic
632 707 703 781 fugit
711 726 806 765 omnes

71 786 192 841 insidias
204 785 331 857 nullique
342 784 414 841 melo
426 784 496 839 lotus
505 782 584 839 obdit
596 793 735 855 apertum

69 878 161 932 quum
171 877 260 933 genus
271 860 322 915 boc
332 860 404 914 inter
414 860 487 914 vitae
497 868 631 923 versetur,
642 859 690 913 ubi
703 861 772 913 ocris
849 872 873 914 tt

71 936 183 990 invidia
193 944 276 1006 atque
287 935 382 1007 vigent
394 933 441 991 ubi
453 934 584 989 crimina:
598 950 647 1004 pro
656 934 726 989 bene
736 952 802 989 sono

70 1028 103 1065 ac
115 1027 171 1065 non
182 1012 293 1066 incauto
305 1008 398 1065 fictum
409 1018 585 1079 astutumque
597 1025 736 1063 vocamus.

69 1085 235 1157 Simplicior
244 1086 309 1154 quis
320 1093 347 1139 et
357 1094 407 1149 est,
422 1084 533 1156 quolem
544 1101 589 1139 ms
598 1100 680 1155 saepe
692 1084 810 1141 libenter

68 1160 223 1216 obtulerim
234 1160 296 1223 tibi,
309 1160 461 1223 Maecenas,
474 1168 504 1213 ut
515 1158 583 1214 forte
594 1158 730 1231 legentem

68 1244 116 1291 out
128 1236 245 1291 tacitum
256 1234 382 1307 impellat
391 1235 491 1305 quovis
502 1250 641 1291 sermone:
654 1234 813 1289 »Molestusl
846 1247 871 1290 tt

67 1310 226 1365 »communi
237 1326 320 1365 sensu
334 1310 416 1381 plane
426 1319 523 1371 ceretu
539 1309 692 1379 inquimus.
721 1309 809 1373 Eheu,

66 1402 153 1457 quam
165 1396 267 1439 temere
278 1386 307 1439 in
318 1393 425 1439 nosmet
436 1383 524 1457 legem
530 1384 669 1438 sancimus
675 1385 815 1455 iniquam!

66 1462 137 1515 Nem
151 1460 230 1515 vitiis
241 1476 320 1514 nemo
331 1460 391 1513 sine
401 1460 536 1514 nescitur:
556 1460 678 1529 optimus
689 1458 736 1513 ille
746 1469 795 1524 est,

67 1538 116 1608 qui
129 1534 256 1590 minimis
266 1542 389 1608 urgetur.
420 1535 533 1590 Amicus
545 1532 645 1597 dulcis,
657 1542 687 1589 ut
697 1551 815 1608 aequum

568 1619 619 1672 esi,

69 1702 159 1757 quum
174 1702 233 1739 men
245 1693 403 1755 compenset
413 1684 490 1738 vitiis
502 1683 587 1747 bona,
602 1683 730 1756 pluribus
741 1684 818 1740 hisce
846 1697 872 1738 tt

68 1763 103 1832 (si
119 1759 204 1814 modo
215 1758 295 1830 plura
305 1759 374 1813 mihi
387 1757 457 1814 bona
468 1758 542 1832 sunt)
554 1759 677 1814 inclinet.
688 1761 773 1814 amori

68 1836 93 1889 si
105 1834 195 1890 volet:
211 1835 261 1888 bac
276 1834 336 1907 lege
348 1834 376 1888 in
387 1834 488 1889 trutino
499 1844 616 1905 ponetur
624 1833 731 1888 eadem.

66 1909 132 1976 Qut,
146 1926 181 1964 ne
193 1907 337 1964 tuberibus
349 1909 468 1980 propriis
477 1907 595 1964 ollendat
606 1910 735 1974 amicum,

66 1984 200 2057 postulat,
216 1985 339 2058 ignoscet
351 1985 473 2038 verrucis
485 1983 574 2039 illius.
603 1984 731 2056 Aequum
740 1995 789 2046 est,

66 2060 191 2131 peccetis
202 2060 310 2114 venism
322 2067 478 2130 poscentem
489 2058 603 2115 reddere
615 2077 720 2114 rursus.
844 2072 870 2115 ts

66 2136 204 2207 Denique,
215 2143 352 2206 quatenus
366 2133 457 2188 excidi
468 2135 579 2205 penitus
590 2135 690 2190 vitium
701 2135 767 2196 irae,

65 2219 158 2266 cetera
168 2211 235 2264 item
251 2216 391 2280 nequeunt
400 2208 493 2264 stultis
504 2208 658 2275 haerentis;
671 2227 720 2264 cur
731 2228 783 2264 non

65 2285 241 2357 ponderibus
252 2283 428 2356 modulisque
438 2285 498 2339 suis
511 2285 685 2349 subcutitur,
698 2302 730 2339 ac
740 2303 783 2340 res

65 2369 97 2415 ut
106 2377 236 2432 quaeque
247 2368 297 2422 est,
312 2359 347 2413 ita
357 2359 505 2432 suppliciis
517 2359 617 2414 delicta
631 2359 755 2414 coercet?

66 2435 97 2490 Si
108 2437 175 2507 quis
186 2452 250 2489 eunt
261 2451 383 2498 servum,
396 2435 516 2505 potinam
528 2436 577 2505 qui
590 2435 684 2490 tollere
695 2435 788 2489 iussus
843 2444 869 2487 tt

65 2527 190 2565 semesos
201 2510 292 2581 pisces
303 2508 483 2580 tepidumque
495 2509 648 2582 ligurrierit
659 2510 711 2573 ius,

66 2586 94 2639 in
106 2602 190 2640 cruce
201 2583 323 2656 suffigat,
339 2583 464 2638 Labeone
475 2585 597 2639 insanior
608 2585 679 2638 inter

65 2677 148 2715 sanos
157 2659 277 2715 dicatur.
308 2657 413 2725 Quanto
425 2657 476 2712 hoc
488 2657 619 2714 furiosius
630 2668 711 2730 atque

65 2736 156 2790 maius
166 2743 311 2808 peccatum
325 2735 380 2788 estl
396 2733 522 2788 Paullum
534 2733 654 2804 deliquit
664 2735 782 2786 amicus:

64 2810 140 2882 quod
152 2811 206 2864 nisi
218 2807 362 2872 concedas,
376 2808 492 2862 ltabeore
502 2808 641 2862 insuavis:
655 2807 771 2860 acerbus
842 2815 867 2857 85
