2159 3150
382 305 517 350 LIBER
556 308 601 352 ΠΙ.

190 404 342 462 descendat
352 406 382 460 in
394 403 524 478 campum
535 409 649 479 petitcr;

229 481 355 536 moribus
365 480 412 535 hic
422 480 578 553 meliorque
589 482 661 538 lama

147 577 314 646 contendat;
332 577 376 632 illi
391 577 472 633 turha
485 578 632 635 clientium

148 656 188 710 sit
201 655 303 709 maior:
317 669 404 725 aeque
417 653 478 726 lege
488 655 640 710 necessitas

190 729 304 785 sortitur
312 728 439 802 insignes
449 737 477 784 et
490 729 576 798 imos;

227 820 309 860 omne
320 820 409 876 capax
419 812 512 860 movet
521 821 592 860 urna
603 822 715 862 nomen.

147 913 303 969 Destrictue
314 913 390 968 eneis
400 913 446 968 cui
457 929 543 985 super
552 914 640 986 impia

147 989 260 1044 cervice
271 987 383 1059 pendet,
395 1005 449 1043 non
461 987 573 1043 Siculae
582 989 668 1062 dapes

189 1063 302 1120 dulcem
313 1063 496 1120 elaborabunt
505 1080 644 1136 saporem,

225 1156 280 1194 non
295 1139 390 1194 avium
404 1138 583 1212 citharaeque
593 1149 691 1196 cantus

145 1265 277 1304 somnum
287 1246 431 1304 reducent.
471 1247 593 1304 Somnus
603 1251 755 1323 agrestium

145 1323 219 1378 lenis
231 1323 355 1378 virorum
366 1340 420 1378 nou
432 1323 555 1378 humiles
565 1323 662 1380 domos

185 1397 293 1453 fastidit
301 1398 519 1470 umbrosamque
529 1399 631 1471 ripam,

222 1490 276 1528 uon
288 1473 422 1547 Zephyris
434 1475 536 1547 agitata
546 1475 661 1547 Tempe.

143 1582 365 1648 Desiderantem,
377 1582 453 1654 quod
462 1584 530 1638 satis
541 1592 592 1649 est,
606 1600 697 1657 neque

143 1658 350 1713 tumultuosum
361 1658 493 1713 sollicitet
502 1676 588 1723 mare,

183 1750 235 1788 nec
245 1750 347 1787 saevus
358 1732 466 1788 Arcturi
481 1734 606 1788 cadentis

221 1808 344 1880 impetus
355 1817 401 1864 aut
411 1810 526 1863 orientis
535 1808 637 1878 licedi;

142 1934 200 1972 non
210 1916 372 1972 verberatae
381 1915 518 1990 grandine
531 1918 631 1973 vineae

143 1991 307 2064 fundusque
321 1991 451 2057 mendax,
463 1992 561 2048 arhcre
571 2010 646 2048 nunc
655 2009 741 2065 aquas

184 2068 324 2139 culpante,
336 2084 411 2122 nunc
420 2069 551 2123 torrentia
563 2085 643 2141 agros

219 2142 323 2207 sidera,
336 2159 411 2197 nunc
421 2142 528 2197 hiemes
540 2144 665 2215 iniquas.

142 2252 289 2308 Contracta
301 2252 392 2323 pisces
403 2268 520 2323 aequora
533 2253 658 2307 sentiunt

141 2328 226 2381 iactis
237 2328 266 2381 in
279 2327 365 2381 altum
375 2326 512 2381 molibus:
533 2326 589 2382 huc
601 2326 731 2399 frequens

183 2410 325 2457 caementa
337 2401 458 2457 demittit
468 2402 607 2457 redemtor

220 2493 283 2531 cum
296 2476 409 2532 lamulis
419 2475 606 2548 dominusque
615 2484 705 2531 terrae

141 2584 322 2641 fastidiosus:
335 2585 385 2641 sed
395 2587 488 2642 Timor
502 2595 528 2641 et
538 2587 630 2641 Minae

142 2659 284 2716 scandunt
295 2660 402 2725 eodem,
415 2677 470 2732 quc
480 2660 621 2723 dominus.
638 2675 729 2731 neque

182 2734 295 2791 decedit
305 2744 395 2791 aerata
405 2736 522 2799 triremi,
535 2744 563 2789 et

218 2819 282 2881 post
291 2812 413 2881 equitem
425 2809 504 2864 sedet
515 2818 572 2863 atra
582 2807 682 2933 Cura.E
694 2884 709 2932 ρ
