2159 3150
229 280 276 333 {62
464 285 729 331 sunu-tilium

226 384 372 440 reticulum
386 385 466 456 panis
476 384 588 439 venales
598 386 669 441 iuter
678 394 776 441 onusto

229 459 296 515 forle
308 459 392 514 vehes
404 459 526 521 humem‚
534 460 622 515 nihilo
633 460 830 531 plusucoipias‚
838 477 922 531 quem

227 538 276 607 qui
290 534 328 590 nil
344 536 465 605 porterit.
496 534 544 589 Vel
554 534 610 599 dic,
620 535 689 607 quid
700 534 798 589 referet
808 537 878 589 intro

171 623 196 665 5ο
227 620 339 666 naturae
350 608 417 664 fines
429 609 545 673 viventi,
559 612 655 683 iugem
665 619 774 664 centum
786 628 820 664 on

228 685 304 740 mille
315 682 417 756 eretlil
424 684 458 738 dt
467 700 552 739 suove
562 693 604 739 est
613 702 648 739 ex
654 700 753 757 magno
758 684 853 740 tollere
859 702 971 741 acervo.

225 759 249 835 ll
263 761 331 814 Dum
344 776 377 813 ex
388 775 472 831 parvo
487 758 567 814 uobis
580 758 749 815 tantumdem
761 759 871 814 haurire
884 760 972 815 rolin·

705 851 785 906 ques,

228 925 277 964 our
291 917 336 963 tuo
345 907 408 979 plus
421 907 516 963 leudes
525 910 646 963 cumeris
656 911 782 982 grouonn
793 908 917 963 uostris?

225 994 256 1038 nt
270 983 320 1037 tibi
331 985 354 1037 si
366 984 402 1039 sit
411 999 481 1055 opus
492 982 592 1055 liquidi
605 1001 658 1038 non
670 984 789 1055 emplius
801 1002 868 1038 urna

171 1071 196 1113 55
226 1059 270 1114 vel
281 1057 388 1132 cyatho,
401 1066 427 1113 et
438 1057 527 1113 dices:
544 1076 643 1133 mogun
654 1058 688 1114 de
703 1058 816 1113 flumine
827 1059 931 1120 malim,

227 1150 310 1207 quom
322 1150 357 1188 ex
367 1134 418 1188 hoo
429 1132 559 1189 louticulo
565 1135 736 1190 tantumdem
746 1151 865 1188 sumere.
884 1136 924 1188 Eo
930 1133 971 1197 lit,

228 1209 335 1282 plenior
345 1217 376 1264 ut
385 1210 409 1263 si
420 1226 489 1281 quos
500 1209 616 1265 delectet
630 1211 709 1282 eopia
719 1211 800 1273 iusto,

228 1301 290 1339 cum
302 1285 360 1354 ripa
371 1284 453 1339 simul
466 1283 577 1339 evulsos
591 1284 659 1339 leret
670 1284 785 1339 Aufidus
795 1300 866 1339 noer.

226 1360 260 1414 lt
270 1360 318 1430 qui
331 1358 426 1413 tantuli
439 1368 510 1431 eget,
518 1370 620 1429 quanto
630 1370 670 1415 est
680 1360 792 1431 0pus‚is
803 1375 893 1430 neque
904 1358 974 1413 limo

172 1443 197 1486 5ο
227 1434 361 1489 turbatam
380 1434 470 1488 haiuit
486 1450 583 1510 equom
609 1452 698 1506 neque
718 1436 802 1490 vitum
822 1434 922 1489 omittit
941 1434 973 1487 in

705 1509 799 1565 undis.

227 1581 251 1656 il
264 1583 297 1636 At
313 1582 381 1636 boue
393 1601 456 1654 pars
469 1583 609 1638 homiuum
621 1583 734 1656 decepto
746 1583 878 1657 cupidine
889 1583 972 1648 luiso,

228 1656 972 1731 nilsntisest‚iuquit,quietantiquoutumnohenneis.

227 1731 328 1805 llQuid
344 1731 427 1787 ineius
436 1732 499 1788 illi‘l
513 1734 610 1789 lubens
624 1736 755 1790 miserum
765 1752 839 1798 esse,
853 1734 974 1788 libenter

226 1816 361 1878 quotenus
371 1807 400 1862 id
412 1807 490 1863 lucit:
508 1817 538 1864 ut
553 1809 667 1880 quidum
678 1819 843 1865 memoretur
854 1808 973 1863 Athenis

173 1893 197 1936 55
227 1881 355 1936 sordidus
366 1900 397 1937 oo
411 1882 500 1947 dives,
513 1885 609 1956 populi
619 1895 793 1941 contemnere
804 1901 885 1940 voees

227 1957 268 2011 sic
278 1957 376 2013 solitus
387 1979 392 2014 :
405 1959 525 2030 populus
536 1975 581 2014 me
591 1960 694 2025 sibilet,
706 1960 812 2015 etmihi
824 1958 928 2030 plaudo

228 2033 287 2104 ipse
299 2031 383 2098 domi,
395 2033 478 2088 simul
489 2051 521 2088 eo
532 2052 659 2090 nummos
669 2037 837 2107 contemplor
846 2036 874 2088 in
886 2051 962 2087 arou.

226 2107 357 2162 Tantalus
371 2125 385 2163 o
398 2108 482 2164 labris
495 2111 593 2164 sitiens
607 2110 741 2184 fugientio
754 2118 844 2182 oeptot

226 2179 349 2238 lluminu.
379 2183 452 2250 Quid
462 2183 556 2240 rides?
575 2187 677 2242 llutolo
688 2188 799 2241 nomine
809 2184 844 2239 de
854 2192 880 2238 te

172 2268 197 2309 lo
229 2257 320 2312 lebuln
331 2267 465 2314 narretur.
496 2259 638 2334 congestis
649 2261 773 2332 undique
786 2261 874 2314 soccis

227 2332 359 2387 indormis
373 2333 493 2399 inhiens,
506 2343 533 2390 et
544 2344 682 2407 tamquam
692 2352 803 2407 parcere
813 2336 900 2388 sacris

228 2409 332 2481 cogeris
347 2410 485 2481 eutpietis
496 2417 636 2482 tamquam
649 2410 769 2484 gaudere
783 2411 904 2464 tabellis.

228 2483 974 2557 Nescis‚quovoleetnummuiiquempraebeatusum?

230 2559 310 2611 Panis
319 2567 433 2623 ematur,
445 2561 516 2623 olus,
529 2561 588 2614 vini
599 2562 748 2616 sextarius:
766 2561 845 2623 adde,

174 2642 198 2684 75
229 2635 292 2701 quls
307 2631 425 2687 humana
436 2634 491 2688 sibi
503 2633 593 2689 dolent
604 2645 698 2690 notura
711 2637 826 2707 negotis.

229 2707 270 2759 An
280 2705 396 2777 vigilare
408 2719 480 2762 melu
493 2711 657 2774 exanimem,
672 2719 819 2780 noctesque
829 2710 950 2779 diesque

231 2779 377 2835 formidare
388 2783 472 2837 malos
485 2782 568 2847 iures¹
584 2785 721 2848 incendio,
737 2801 839 2848 servos,
