2159 3150
231 278 313 322 nie.
336 277 353 320 1.
383 275 701 320 Er1sn.x1x.xx.
789 267 841 324 273

84 380 173 438 Odisti
184 379 278 435 eleves
289 383 317 432 et
328 386 406 450 grate
420 376 513 449 sigillo
524 375 641 447 pudieo;

84 458 182 530 paucis
191 453 301 512 ostendi
311 453 402 526 gemis
412 461 439 507 et
449 455 608 507 communie
620 452 728 519 leudes,

84 551 137 589 non
152 534 191 587 ite
205 530 338 585 nutritus.
372 528 460 601 Fuge,
475 544 531 599 quo
546 527 714 584 descendere
728 536 826 605 gestis.
887 552 898 593 5

84 611 144 665 Non
154 608 208 662 erit
218 607 323 660 emisso
332 603 439 659 reditus
450 603 514 658 tibi.
549 602 638 671 »Qum
650 605 735 662 miser
747 608 814 684 egi?

85 683 169 757 »quid
179 679 295 738 voluii«
310 677 397 743 dices,
410 679 459 734 ubi
471 679 536 751 quis
547 685 574 734 te
585 679 712 749 laeserit3
729 692 756 739 et
766 687 823 742 seis

84 762 113 816 in
125 759 212 814 breve
223 765 249 812 te
261 755 337 830 cogi,
351 755 453 828 plenus
463 772 552 827 quum
563 755 676 829 languet
687 768 802 816 ametor.

84 834 191 904 Quodsi
202 850 257 889 non
267 831 333 888 odio
342 833 484 904 peccantis
499 829 604 902 desipit
615 848 715 905 augur,

84 929 166 967 cerus
178 910 233 965 eris
246 911 356 972 Romae,
368 907 457 962 donec
468 915 495 962 te
506 907 616 964 deseret
627 917 715 977 aetas,
873 926 899 970 ro

84 993 270 1044 contrectatus
280 982 331 1039 ubl
342 982 474 1038 menibus
484 982 646 1038 sordescere
659 984 737 1059 vulgi

84 1061 221 1134 coeperis,
237 1059 384 1115 nuttiuees
394 1075 492 1131 pasces
505 1059 660 1114 taciturnus
674 1063 787 1127 inertes,

84 1146 133 1195 eut
143 1137 237 1210 fugies
247 1135 354 1191 Uticem
366 1143 414 1189 eut
424 1135 537 1189 vinctus
551 1136 669 1191 mitteris
680 1136 810 1194 ilerdem.

84 1213 201 1270 Ridebit
211 1212 325 1267 monitor
341 1226 394 1265 non
406 1209 567 1274 exauditus,
578 1219 611 1267 ut
619 1209 679 1276 ille,

84 1291 135 1363 qui
147 1288 221 1343 mels
231 1295 373 1360 petentem
385 1287 415 1340 in
426 1303 510 1357 rupes
521 1287 656 1358 protrusit
669 1287 787 1344 asellum
874 1302 900 1346 15

84 1367 186 1421 iratus.
216 1360 285 1430 Quis
296 1363 370 1418 enlm
382 1361 503 1418 invitum
518 1379 630 1416 servers
641 1362 766 1419 laboret?

84 1437 842 1512 Hocquoquetemenet,utpueroselementedocentem

84 1523 205 1589 occupet
216 1513 348 1570 extremis
358 1514 388 1568 in
398 1514 469 1568 vicis
483 1512 567 1567 belbe
580 1522 720 1571 senectus.

85 1593 180 1662 Quum
190 1591 243 1647 tihi
254 1590 295 1647 sol
307 1589 420 1663 tepidus
429 1590 525 1662 plures
536 1589 691 1645 admoverit
701 1608 793 1657 eures,

87 1686 134 1725 me
146 1667 278 1724 libertino
292 1674 387 1720 netum
400 1674 477 1738 petre
488 1667 556 1721 etin
566 1667 644 1721 tenui
659 1684 688 1722 re
875 1678 902 1723 2⁰

86 1745 210 1801 maiores
220 1758 327 1815 pennas
339 1742 407 1797 nido
417 1741 578 1797 extendisse
589 1742 723 1813 loqueris,

86 1832 129 1886 ut,
143 1827 279 1893 quantum
291 1819 387 1891 generi
399 1817 505 1882 demas,
518 1817 670 1872 virtutihus
684 1817 785 1883 eddes;

87 1912 135 1952 me
146 1895 247 1969 primis
260 1892 340 1949 urbis
351 1892 419 1949 belli
431 1893 572 1965 placuisse
583 1892 726 1964 domique,

86 1972 215 2045 corporis
226 1969 333 2043 exigui,
345 1986 523 2041 praeconum,
535 1968 643 2023 solibus
654 1976 760 2039 aptum,

86 2049 174 2104 irasci
184 2045 419 2109 celerem,temen
430 2054 461 2100 ut
472 2044 621 2117 placabilis
630 2060 732 2099 essem.
876 2054 904 2099 to

87 2125 172 2181 Forte
183 2139 277 2177 meum
288 2120 389 2193 siquis
401 2130 426 2176 te
437 2121 646 2193 percontabitur
656 2136 767 2183 aevum,

87 2217 135 2255 me
146 2205 247 2271 queter
257 2196 384 2253 undenos
395 2198 465 2252 sciet
475 2197 640 2267 implevisse
651 2194 825 2259 Decembres,

88 2276 230 2350 collegam
243 2273 384 2346 Lepidum
394 2289 450 2344 quo
462 2271 546 2328 duxit
559 2272 665 2328 Lollius
679 2288 761 2325 enno.

133 2885 271 2940 florinus.
