2159 3150
230 284 310 330 LIB.
330 287 348 329 1.
378 285 518 330 EPIST.
539 287 693 336 vul-x.
781 284 832 337 253

271 513 546 574 EPISTOLA¹
586 516 638 576 lx.

209 631 257 671 AD
279 629 487 672 CLAUDIUM
508 632 705 674 NERONEH.

288 836 405 880 Septimium
411 837 486 871 Neroni
495 838 624 872 commum

75 924 246 1006 Septimius,
260 933 369 996 Claudi,
383 935 515 988 nimirum
527 934 662 1008 intelligit
671 953 755 1001 unus,

73 1011 173 1081 quanti
184 1026 230 1064 me
242 1009 337 1065 iacias.
358 1011 427 1063 Nam
438 1026 525 1080 quum
537 1019 615 1082 rogat
626 1019 653 1064 et
659 1028 740 1082 prece
746 1014 829 1086 cogit,

74 1086 185 1140 scilicet
198 1093 229 1140 ut
240 1085 292 1140 ubi
306 1102 336 1140 se
347 1084 461 1139 laudare
475 1093 501 1140 et
511 1085 620 1140 tradere
630 1103 722 1151 coner,

6 1159 7 1162 ’
74 1161 196 1234 dignum
207 1159 828 1234 mentedomoquelegentishonestaNeronis‚

74 1252 192 1290 munere
202 1252 290 1307 quum
301 1235 381 1308 iungi
392 1237 529 1307 propioris
544 1245 638 1292 censet
649 1238 731 1291 amici
741 1257 747 1307 ;
875 1251 887 1294 5

75 1311 146 1382 quid
160 1313 266 1383 possim
278 1311 355 1366 videt
364 1329 396 1366 uc
407 1312 485 1367 novit
496 1329 539 1366 me
549 1311 661 1367 valdius
671 1313 744 1384 ipso.

74 1387 162 1442 Multa
173 1386 288 1458 quidem
301 1386 371 1452 dixi,
385 1404 435 1442 cur
445 1394 595 1442 excusatus
609 1387 728 1455 abirem3

75 1462 127 1516 sed
141 1463 234 1526 timui,
247 1479 352 1518 meane
364 1463 479 1517 finxisse
490 1463 596 1518 minora
608 1473 729 1534 putarer,

76 1537 270 1593 dissimulator
279 1539 341 1611 opis
351 1539 490 1611 propriae,
506 1538 577 1594 mihi
587 1539 749 1596 commodus
759 1541 820 1597 uni.

77 1613 125 1669 Sic
136 1631 198 1688 ego,
211 1616 323 1669 maioris
335 1614 446 1687 fugiens
457 1614 607 1687 opprobria
617 1616 726 1688 culpae,
862 1627 888 1671 1⁰

77 1689 176 1745 frontis
188 1689 223 1744 ad
235 1689 356 1745 urbanae
367 1690 499 1745 descendi
514 1693 649 1762 praemia.
678 1690 783 1758 Quodsi

77 1766 236 1838 depositum
249 1765 346 1820 iaudus
359 1766 395 1821 ob
411 1766 494 1820 amici
504 1767 581 1820 iussa
592 1767 736 1837 pudorem,

76 1841 171 1897 scribo
180 1842 222 1896 tui
233 1843 327 1914 gregis
339 1842 423 1904 hunc,
431 1849 458 1896 et
468 1841 653 1898 fortemurede
659 1842 831 1913 bonumque.

280 2077 552 2138 EPISTOLA
592 2078 628 2137 X.

233 2194 282 2236 An
304 2195 462 2237 iuscuu
484 2196 687 2237 Aulsu1uu

115 2400 245 2435 Commendat
254 2400 316 2434 mico
326 2401 456 2434 moenitum
463 2400 515 2435 ruri!
525 2399 625 2442 munique
635 2399 807 2441 tranquillinum.

78 2487 170 2553 Urbis
182 2506 332 2552 amatorem
344 2499 463 2552 Fuscum
478 2497 586 2552 salvere
597 2497 728 2551 iubemus

77 2574 153 2629 ruris
164 2582 309 2636 amatores,
324 2573 376 2627 hac
386 2572 415 2626 in
430 2589 459 2627 re
469 2572 578 2627 scilicet
589 2588 643 2626 una

78 2648 200 2703 multum
211 2648 374 2711 dissimiles,
387 2655 414 2701 at
424 2655 530 2702 caetera
540 2664 628 2719 paene
637 2645 765 2721 gemelli:

79 2723 209 2780 fraternis
220 2723 322 2777 animis
332 2722 473 2794 quidquid
484 2731 567 2796 negat
577 2722 655 2786 ulter,
667 2730 693 2775 et
703 2722 786 2789 alter3

80 2800 234 2854 annuimus
248 2800 352 2870 pariter
367 2797 453 2852 vetuli
464 2798 579 2867 notique
589 2796 724 2851 columbi.
877 2800 890 2845 ι
