2159 3150
219 298 267 354 tm
499 301 690 350 ounnun

254 413 285 461 tu
296 421 382 459 curva
392 406 499 458 recines
514 405 572 476 lyra

292 480 423 534 Latonam
434 489 461 534 et
470 480 570 534 celeris
582 479 691 549 spicula
706 478 855 552 Cynthiae;

253 572 363 609 summo
374 556 507 615 carmine,
523 569 596 625 quae
607 554 716 608 Gnidon

292 627 488 700 fulgentesque
499 639 573 683 tenet
585 628 730 702 Cycladas,
743 639 770 684 et
780 629 895 703 Paphon

158 715 184 760 15
254 704 356 759 iunctis
364 705 431 758 visit
440 704 576 758 oloribus.

274 850 276 854 7
289 780 402 834 Dicetur
412 781 509 834 merita
521 781 581 834 Nox
590 796 702 850 quoque
713 781 806 834 nenia.

449 983 521 1043 OD
544 985 568 1044 E
610 985 726 1044 XXIX.

347 1092 586 1133 anemurum
599 1093 837 1158 MAECENATEM.

501 1205 672 1218 m

211 1315 277 1351 Hodie
288 1317 365 1350 umas
374 1314 446 1349 inritat
455 1323 500 1349 eum
509 1315 534 1349 sd
543 1325 565 1348 ss
579 1315 600 1348 lu
610 1293 715 1356 Sabinum,
730 1315 763 1349 ubl
777 1317 799 1348 ut
812 1315 890 1350 omneis
901 1325 971 1352 rem

258 1379 383 1424 publium
391 1379 445 1413 euris
454 1378 518 1414 lallare
526 1387 594 1413 seeum
603 1379 669 1421 deget,
678 1379 766 1412 hortans.
790 1379 849 1414 Matr.
858 1377 912 1415 XVI.
942 1427 946 1434 Ι

251 1456 401 1539 Tyrrhena
411 1481 508 1538 regum
519 1465 675 1538 progenies,
689 1464 741 1519 tibi

250 1558 305 1597 non
315 1548 378 1596 ante
389 1557 469 1595 verso
480 1540 542 1596 lene
553 1557 659 1595 merum
671 1540 739 1595 cado

287 1619 351 1671 oum
362 1614 437 1678 flore,
452 1618 605 1679 Maecenas,
618 1632 740 1671 rosarum
753 1626 780 1671 et

324 1708 418 1763 pressa
430 1693 485 1746 tuis
496 1691 613 1745 balanus
623 1691 734 1762 capillis

155 1798 169 1841 s
249 1784 414 1839 iamdudum
425 1783 499 1853 apud
510 1800 554 1837 me
565 1792 616 1837 est.
656 1784 740 1854 Eripe
750 1792 776 1839 te
787 1802 890 1850 morae,

252 1877 287 1915 ne
296 1876 407 1931 semper
418 1859 504 1913 udum
519 1857 606 1912 Tibur
616 1868 643 1914 et
653 1858 771 1914 Aesulae

287 1934 398 1990 declive
408 1934 604 2005 contempleris
615 1951 712 1988 arvum
727 1944 754 1989 et

323 2010 454 2083 Telegoni
466 2010 531 2083 iuga
543 2009 708 2081 parricidae.

251 2101 433 2159 Fastidiosam
444 2102 542 2157 desere
553 2102 661 2173 copiam
673 2110 700 2156 et

151 2189 182 2233 lt
248 2178 350 2234 molem
360 2178 546 2249 propinquam
557 2176 681 2231 nubibus
692 2176 802 2232 arduis:

288 2254 385 2309 omitte
396 2253 490 2307 mirari
502 2252 598 2307 beatae

325 2326 432 2383 fumum
442 2338 470 2383 et
479 2344 546 2400 opes
557 2328 761 2399 strepitumque
774 2327 885 2381 llonrae.

254 2420 420 2492 Plerumque
429 2430 523 2493 gratae
534 2419 673 2474 divitibus
685 2420 769 2481 vices,

251 2494 428 2567 mundaeque
439 2512 524 2567 parvo
534 2494 588 2549 sub
600 2494 656 2549 lare
666 2511 819 2565 pauperum

157 2581 184 2626 ts
287 2586 389 2625 coenae
402 2571 463 2625 sine
473 2570 579 2625 aulaeis
590 2579 617 2625 et
626 2578 699 2624 ostro

324 2644 473 2699 sollicitam
483 2644 645 2715 explicuere
656 2644 783 2699 frontem.

251 2736 306 2789 lam
318 2735 410 2789 clarus
419 2735 560 2791 occultum
571 2735 762 2790 Andromedae
773 2744 850 2807 pater

251 2808 375 2863 ostendit
384 2811 492 2882 ignem:
505 2811 559 2863 iarn
572 2812 693 2884 Procyon
705 2810 773 2866 lurit
