2159 3150
350 287 485 332 LIBER
526 289 555 332 ll.

115 392 235 446 Divesne
246 389 338 460 priseo
350 396 430 443 natus
440 387 476 442 ah
487 387 597 451 lnaehe,

114 467 156 521 nil
168 465 291 528 interest,
305 480 339 518 an
353 479 458 534 pauper
470 471 496 517 et
507 463 602 518 intima

153 540 189 595 de
199 548 282 613 gente
292 537 422 594 subdivo
435 539 561 603 mereris,

193 615 308 669 victima
320 613 359 670 nil
371 613 529 668 miserantis
539 612 615 670 Orci.

114 709 219 764 Omnes
230 705 327 762 eodem
339 705 480 778 cogimur,
493 707 618 761 omnium

117 791 245 838 versetur
256 798 325 836 urna
336 781 426 835 serius
440 780 518 835 ocius

155 875 215 913 sors
227 857 335 912 exitura
347 867 373 911 et
384 872 433 910 nos
445 854 473 910 in
484 863 627 911 aeternum

195 931 327 988 exsilium
339 930 502 1002 impositura
514 931 640 1004 cymbae.

354 1176 472 1238 ODE
514 1178 564 1239 lV.

244 1295 289 1335 An
310 1295 484 1336 XANTHIAM
501 1295 669 1338 PHOCEUM.

76 1533 181 1571 xnnthlaa
189 1542 278 1568 eruorem
282 1531 379 1577 Phyllidis
387 1533 471 1568 ansillae
481 1532 549 1568 trudat
558 1537 578 1569 et
586 1535 665 1582 probat,
676 1536 733 1571 simul
741 1536 839 1585 inanem,

128 1599 182 1633 tilam
191 1607 232 1633 non
239 1598 305 1633 videri
311 1598 380 1632 humill
390 1597 434 1633 leae
443 1599 515 1640 natam,
525 1602 609 1643 prepter
616 1600 707 1642 streties
715 1603 734 1637 et
743 1603 804 1637 sarm
814 1606 837 1639 et

130 1663 220 1707 eorporis
229 1662 293 1696 dotes.
317 1661 376 1698 latr.
385 1660 447 1696 xm

121 1748 166 1816 Ne
177 1760 215 1816 sit
225 1758 342 1815 ancillae
354 1758 405 1814 tihi
417 1776 492 1813 amor
502 1760 613 1831 pudori,

121 1834 243 1891 Xanthia
254 1833 378 1889 Pheeaul
402 1835 481 1889 Prius
491 1834 655 1891 insolentem

119 1927 200 1965 serva
211 1909 314 1965 Briseis
325 1909 408 1964 niveo
421 1910 511 1964 colore

197 1984 285 2039 movit
296 1982 445 2039 Achillem.

120 2077 207 2132 hlevit
218 2076 329 2131 Aiacem
341 2075 488 2132 Telamone
498 2085 594 2133 natum

121 2151 208 2207 torma
219 2152 346 2222 captivae
357 2150 501 2207 dominum
513 2154 689 2209 Tecmessae:

121 2228 190 2282 arsit
199 2224 311 2282 Atrides
321 2224 413 2282 medio
424 2229 452 2282 in
468 2228 609 2300 triumphe

200 2301 309 2375 virgine
320 2312 406 2374 rapta,

122 2393 255 2449 barbarae
266 2403 411 2465 postquam
422 2393 548 2449 cecidere
560 2405 666 2451 turmae

121 2468 255 2524 Thessalo
266 2470 370 2524 victore
381 2479 407 2523 et
418 2468 545 2524 ademtus
556 2472 654 2525 llecter

121 2543 238 2600 tradidit
250 2542 331 2598 fessis
343 2544 445 2599 leviora
458 2545 516 2599 tolli

198 2619 329 2692 l‘ergama
342 2620 443 2675 Graiis.

123 2712 247 2774 Nescias‚
260 2728 293 2765 an
306 2719 331 2766 te
342 2728 474 2783 generum
487 2710 560 2765 beati

123 2784 262 2859 Phyllidis
273 2783 359 2841 flavae
371 2785 499 2840 decorent
509 2793 652 2856 parentes:
