2159 3150
310 323 390 366 LIB.
413 322 446 366 ll.
475 322 617 366 EPIS'I'.
637 324 656 366 1.
807 319 857 370 277

95 423 232 496 Indignor
244 421 402 493 quidquam
416 421 595 492 reprehendi,
608 437 663 476 non
672 423 737 492 quia
749 441 841 481 erasae

94 499 287 569 compositum
298 496 452 569 illepideve
463 506 585 568 putetur,
598 496 648 550 sed
657 499 724 568 quia
735 515 837 570 nuper;

95 590 148 628 nec
158 573 275 628 veniam
287 573 422 643 antiquie,
434 571 484 626 sed
495 571 626 626 honorem
638 581 665 626 et
674 575 797 643 praemia
806 593 857 648 pe·

605 663 658 701 ser.

95 724 181 777 lleete
193 738 283 777 necne
294 738 406 777 crocum
418 719 556 792 lloreeque
565 722 741 792 perambulet
750 724 828 781 Attae

95 797 194 852 iabula
208 798 234 851 si
249 797 388 860 dubitem,
401 796 522 851 clement
531 798 650 868 periisse
659 797 795 870 pudorem
888 815 914 861 ee

96 873 194 928 cuncti
201 881 401 943 paenepatree‚
413 888 539 943 eequum
550 872 754 944 reprehendere
764 892 854 947 coner,

93 965 170 1020 quae
180 949 279 1020 gravis
290 947 428 1018 Aesopus,
439 963 512 1018 quae
524 945 622 1003 dectus
632 949 750 1004 Roscius
760 953 832 1025 egita

94 1022 140 1079 vel
152 1023 223 1094 quia
235 1023 276 1077 nil
289 1021 733 1094 rectum,nisiquodplacuiteibi.
741 1025 857 1095 ducunt,

94 1099 140 1154 vel
152 1098 222 1169 quia
234 1106 317 1168 turpe
328 1105 428 1168 putant
437 1114 534 1169 parere
545 1098 702 1154 minoribus
710 1111 747 1161 et,
760 1119 833 1174 quae

94 1172 243 1228 imberbes
256 1172 393 1236 didicere,
408 1189 491 1226 senes
501 1172 643 1243 perdenda
655 1172 744 1229 lateri.
887 1192 913 1237 es

92 1251 153 1304 lam
164 1247 275 1303 Saliare
286 1249 394 1302 Numae
405 1264 515 1302 carmen
526 1249 577 1320 qui
589 1248 692 1313 laudat,
707 1259 735 1305 et
744 1252 827 1319 illud,

94 1322 175 1396 quod
187 1339 299 1378 mecum
311 1323 431 1396 ignorat,
443 1322 521 1378 solus
532 1323 594 1378 vult
603 1325 675 1378 seire
686 1325 786 1392 videri,

94 1398 224 1472 ingeniis
235 1415 291 1453 non
303 1397 353 1454 ille
364 1398 439 1454 lavet
449 1397 615 1470 plauditque
625 1400 753 1530 sepultis,

94 1482 192 1528 nostre
203 1472 255 1528 sed
265 1474 422 1546 impugnat,
435 1490 485 1528 nce
495 1483 644 1545 nostraque
666 1475 763 1532 ividus
772 1477 842 1535 odit.

93 1547 178 1617 Quod
189 1549 214 1603 si
226 1557 283 1604 tam
294 1548 388 1605 Graiis
400 1549 509 1604 novitas
521 1550 613 1605 invisa
624 1548 733 1617 luisset,
885 1569 912 1614 ru

92 1642 183 1697 quem
196 1624 289 1688 nobis,
305 1623 376 1696 quid
387 1641 463 1679 nunc
473 1634 547 1680 esset
557 1625 657 1682 verus?
666 1630 792 1702 autquid
805 1633 856 1688 ha-

602 1700 690 1766 beret,

93 1774 174 1847 quod
185 1775 291 1847 legeret
301 1782 457 1845 tereretque
467 1774 607 1841 Quiritum
618 1778 750 1849 publicus
761 1781 848 1838 usus?

92 1851 130 1906 Ut
140 1851 267 1923 primum
279 1850 380 1921 positis
389 1851 489 1923 nugari
500 1850 616 1907 Graecia
627 1854 711 1908 bellis

93 1926 192 1997 eoepit
202 1934 230 1979 et
239 1925 268 1979 in
281 1925 382 1981 vitium
395 1924 504 1980 lortuna
517 1926 607 1981 labier
616 1945 715 2000 aequa,

93 2018 174 2056 nunc
185 1999 353 2055 athletarum
367 2000 470 2055 studiis
482 2018 558 2056 nunc
570 2004 639 2059 arsit
647 2020 793 2075 equorum,
883 2022 911 2066 at

93 2076 246 2131 marmoris
257 2083 305 2129 aut
316 2074 408 2131 eboris
419 2073 512 2131 fabros
522 2087 570 2133 aut
580 2080 652 2133 aeris
663 2081 777 2146 amavit,

92 2150 248 2223 suspendit
258 2150 331 2221 picta
346 2150 455 2206 vultum
467 2161 644 2226 mentemque
654 2156 766 2221 tabella,

92 2244 173 2281 nune
183 2225 352 2281 tibicinibue
363 2244 438 2281 nunc
448 2235 491 2281 eet
500 2230 597 2301 gavisa
607 2232 762 2306 tragoedie3

93 2302 151 2357 sub
163 2302 273 2356 nutrice
287 2300 382 2371 puella
395 2301 473 2357 velut
482 2304 507 2358 si
521 2304 631 2361 luderet
641 2306 742 2371 iulans,

92 2376 174 2449 quod
186 2375 291 2447 cupide
301 2377 393 2447 petiit.
409 2386 516 2433 mature
526 2381 609 2451 plena
619 2383 743 2455 reliquit.
870 2398 910 2443 ltu

92 2452 171 2519 Quid
184 2451 276 2522 placet
290 2460 338 2506 aut
346 2451 411 2507 odic
422 2461 472 2517 est,
488 2455 564 2526 quod
575 2474 629 2512 non
644 2460 778 2517 mutabile
791 2478 854 2518 ere-

91 2604 152 2658 lloc
162 2618 247 2673 paces
259 2601 382 2657 habuere
391 2601 479 2659 bonae
491 2533 762 2679 ventiquiaesdcundi.

92 2678 201 2733 Romae
211 2676 295 2732 dulce
306 2675 357 2731 diu
368 2676 421 2733 fuit
430 2687 458 2735 et
466 2680 590 2737 solemne
604 2686 711 2742 reclusa

92 2770 179 2807 rnane
190 2751 273 2806 dumo
285 2752 412 2825 vigilare,
424 2754 519 2809 clienti
534 2774 659 2827 promere
670 2762 741 2825 iura,

91 2837 193 2882 cautus
208 2826 370 2881 nominibus
385 2830 467 2881 rectis
481 2833 638 2900 expendere
653 2852 791 2899 nummos,
867 2850 908 2894 loe
