2159 3150
197 296 244 349 {dt}
431 300 695 347 sumtuum

197 402 386 457 libertinarum
397 399 473 455 dieo!
490 400 638 455 Sallustius
652 402 680 455 in
694 418 764 472 quas

196 475 784 547 nonminusinsanit‚quamquimoechatur.
803 475 935 543 Amissi,

138 564 162 607 tu
196 568 250 623 qun
262 568 314 612 res,
327 555 382 622 qua
391 552 460 606 ratio
471 550 608 613 suaderet,
619 566 729 622 quaque
739 549 862 605 modeste

195 624 326 681 munifico
336 642 396 680 esse
408 626 480 689 licet,
493 626 577 681 vellet
587 625 675 679 bonus
686 633 768 696 atque
778 625 918 699 benignus

193 718 264 765 esse,
276 699 352 755 daret
361 709 495 772 quantum
506 701 573 754 satis
582 708 663 763 esset,
676 716 726 754 nee
736 700 791 755 sibi
801 700 903 755 damno

193 774 376 846 dodeoorique
387 774 464 831 loret.
481 776 583 830 Verum
594 774 645 830 hoo
654 775 935 847 seampleotituruno,

195 849 468 906 hooamatetlaudat:
487 849 937 923 »Matronamnullamegotangom

137 937 162 980 55
196 938 226 981 ut
236 924 374 997 quondam
383 926 530 986 Marsaeus,
542 934 645 981 amator
654 924 777 997 Originis
786 924 845 989 itte,

192 1002 242 1073 qui
252 999 371 1072 patrium
382 1001 482 1054 minine
492 998 576 1055 donat
585 999 758 1070 luridumque
769 1000 920 1071 laremque,

193 1076 253 1131 »Nil
264 1074 346 1129 fuerit
361 1079 424 1139 mla
439 1075 544 1145 inquit,
561 1092 638 1129 »oum
653 1074 787 1129 uxoribus
801 1091 934 1147 umquam

670 1150 794 1203 alienis«

192 1225 293 1280 Verum
305 1234 414 1279 estourn
420 1223 522 1287 mimis,
530 1224 849 1291 estoummeretrioibus3
858 1225 934 1279 unde

190 1299 263 1357 fama
282 1298 385 1353 malum
400 1299 514 1372 gravius
529 1315 612 1371 quam
629 1316 674 1353 res
688 1298 782 1353 trahit.
822 1300 864 1354 An
879 1300 933 1354 tibi

671 1373 781 1429 abunde

136 1458 161 1502 to
192 1464 336 1520 personam
345 1448 412 1502 satis
423 1456 473 1511 est,
488 1464 540 1503 non
553 1448 633 1511 illud,
646 1449 785 1520 quidquid
796 1448 900 1522 ubique

190 1522 285 1585 officit,
297 1520 419 1578 evitare?
438 1522 698 1594 donaro-deperdere
710 1523 819 1587 lamam,

191 1615 248 1652 rem
255 1597 598 1668 patrisohlimare‚malum
609 1599 837 1671 estubioumque.
858 1597 933 1666 Quid

670 1676 755 1728 inter-

190 1755 231 1802 est
240 1747 268 1801 in
279 1755 410 1811 matrona,
423 1747 522 1802 aneilla
536 1765 670 1818 peccesne
679 1747 786 1822 togata?

191 1821 293 1878 Villius
304 1822 332 1876 in
345 1823 454 1886 Fausta,
470 1821 566 1878 Sullae
576 1840 670 1894 gener,
685 1823 737 1879 hoe
747 1825 830 1878 miser
839 1841 896 1879 uno

135 1907 161 1950 tt
192 1899 303 1952 nomine
313 1897 454 1970 deeeptus,
469 1915 571 1969 poenas
581 1898 659 1952 dedit
672 1915 759 1971 usque
768 1915 909 1970 superque

189 1989 272 2044 quam
283 1973 409 2037 sitisset,
422 1974 523 2046 pugnis
535 1990 632 2028 caesus
644 1973 770 2044 ferroque
781 1974 893 2044 petitus,

192 2046 321 2103 exclusus
332 2046 398 2112 lore.
413 2065 500 2120 quum
510 2049 688 2120 Longarenus
699 2048 768 2104 loret
777 2050 863 2102 intus.

190 2122 260 2177 lluie
270 2124 294 2175 si
305 2123 425 2178 mutonis
436 2122 529 2178 verbis
540 2123 611 2178 mala
621 2133 695 2178 tanta
705 2123 826 2178 videntis

191 2196 295 2252 diceret
313 2197 380 2253 haee
395 2201 517 2254 animus:
540 2197 626 2265 »Quid
642 2200 686 2252 vis
700 2196 771 2252 tibi‘l
789 2196 934 2268 Numquid

668 2289 744 2328 eoa
757 2281 784 2327 te

134 2357 161 2400 7⁰
193 2363 307 2419 »niagno
315 2357 479 2420 prognatum
489 2348 608 2419 deposoo
616 2289 728 2402 consagule
738 2364 860 2402 cunnum

192 2422 382 2493 »velatumque
390 2422 469 2487 stola,
484 2439 544 2478 mea
553 2438 640 2494 quum
651 2421 806 2477 conferbuit
816 2419 895 2475 irai«

191 2496 261 2566 quid
272 2496 466 2568 responderet?
476 2499 588 2570 »Magno
598 2506 674 2568 patre
685 2506 746 2551 nata
757 2497 850 2568 puella
861 2506 933 2556 este·

190 2569 226 2625 tt
235 2579 337 2641 quanto
347 2572 459 2628 meliora
470 2580 562 2628 monet
571 2573 778 2645 pugnantiaque
787 2572 849 2627 istis

192 2643 272 2698 dives
282 2646 343 2716 opis
353 2656 449 2700 natura
458 2663 533 2709 suae,
546 2655 575 2700 tu
586 2647 610 2699 si
621 2646 702 2702 modo
711 2656 783 2701 reete

135 2728 162 2769 75
194 2717 355 2790 dispensare
366 2721 436 2777 velis
448 2739 478 2776 ao
489 2737 542 2775 non
553 2720 685 2792 fugienda
695 2721 821 2792 petendis

191 2791 358 2848 immiscere.
386 2796 443 2852 Tuo
453 2797 520 2850 vitio
530 2813 658 2850 rerumne
669 2796 775 2852 labores
