2159 3150
246 287 297 340 250
460 291 784 334 urrs‘rnnauuu

249 393 321 447 »Non
333 401 374 445 est
385 400 465 462 aptus
476 393 558 460 equis
568 391 659 444 lthace
672 392 758 450 locus,
766 399 796 444 ut
807 406 897 460 neque
908 391 1004 460 plenis

248 475 404 538 »porrectus
415 467 513 537 spatiis
524 482 575 519 nec
587 467 689 520 multae
700 465 834 537 prodigus
846 465 964 531 ltcrlme;

249 542 368 605 alluido,
381 541 470 612 magis
482 550 544 610 epte
555 541 605 595 tibi
621 550 666 594 tua
678 539 748 594 dona
760 539 942 612 relinquam·

247 618 366 673 Parvum
377 633 461 686 parve
474 613 583 670 decent.
605 615 673 670 Mihi
684 617 739 670 iem
750 632 802 669 non
815 616 890 687 regia
903 617 1000 679 Rome,

191 701 217 748 lo
248 691 296 748 sed
308 708 427 746 vacuum
439 690 526 744 Tibur
537 690 626 761 placet
637 699 684 745 eut
694 690 810 745 imbelle
821 692 983 744 Tarentum.

248 767 382 822 Strenuus
394 778 421 821 et
432 765 509 820 fortis
520 767 669 836 causisque
681 765 830 837 Philippus
843 765 962 837 agendis

248 843 349 905 clerus,
362 840 397 895 eb
408 839 509 895 ciliciis
519 852 644 895 octavam
655 841 766 895 circiter
776 839 871 894 horam

248 917 314 972 dum
326 915 398 972 redit
411 925 494 987 etque
505 917 575 970 Foro
585 916 703 970 nimium
714 915 818 970 distare
829 914 944 971 Carinas

247 993 304 1048 iam
314 990 428 1065 grandis
442 999 507 1045 natu
518 993 654 1063 queritur,
666 991 822 1061 conspexit,
835 999 866 1044 ut
877 991 966 1053 aiunt,

191 1079 217 1121 oo
247 1067 376 1123 abrasum
387 1065 527 1138 quendem
538 1082 626 1120 vacua
638 1067 756 1120 tonsoris
766 1069 795 1120 in
806 1065 904 1120 umbre

247 1143 360 1198 cultello
371 1141 496 1213 proprios
507 1150 672 1213 purgantem
687 1140 786 1196 leniter
796 1157 917 1213 ungues.

246 1218 392 1272 »Demetrio
403 1234 520 1288 -puer
531 1215 578 1270 hic
590 1234 642 1270 non
656 1216 733 1270 laeve
744 1216 819 1270 iussa
830 1216 954 1287 Philippi

246 1290 1000 1364 accipiebat—»abiquaereetreler.undedomo‚quis‚

246 1370 342 1424 »cuius
354 1367 486 1431 lortunee.
499 1383 555 1438 quo
566 1369 603 1422 sit
612 1376 689 1438 patro
698 1382 791 1437 quove
801 1375 941 1437 patronos

191 1456 217 1499 55
246 1447 278 1509 lt,
291 1444 363 1498 redit
373 1453 400 1497 et
411 1451 511 1504 narrat,
526 1441 669 1499 Vulteium
681 1442 793 1496 nomine
805 1443 924 1502 Menum,

247 1535 421 1593 praeconem,
433 1519 510 1572 tenui
521 1534 617 1583 censu,
630 1518 691 1572 sine
701 1517 829 1582 crimine,
841 1526 936 1572 notum

247 1607 273 1651 et
282 1610 428 1667 properare
439 1594 498 1649 loeo
508 1604 535 1649 et
546 1611 665 1658 cessere,
680 1602 706 1647 et
715 1609 848 1664 quaerere
859 1604 887 1648 et
896 1594 949 1656 uti.

245 1669 411 1743 gaudentem
423 1670 574 1743 parvisque
583 1668 729 1724 sodalibus
737 1677 765 1723 et
776 1667 832 1723 lere
843 1678 918 1723 certo

248 1755 274 1801 et
285 1744 360 1800 ludis
369 1754 396 1799 et
405 1754 467 1815 post
480 1743 572 1799 decisa
584 1744 693 1817 negotis
704 1743 819 1815 Campo.

192 1832 217 1875 tt
246 1819 272 1895 ll
282 1819 396 1875 »Scitari
409 1820 476 1875 libet
485 1836 520 1874 ex
531 1822 593 1891 ipso
603 1819 790 1894 quodcunque
801 1817 901 1873 refers:
912 1818 962 1872 die

248 1895 296 1951 »ad
307 1912 419 1951 coenam
430 1896 550 1950 veniet«
578 1897 638 1951 Non
649 1912 716 1949 sane
726 1893 839 1949 credere
849 1895 940 1956 Mena,

248 1972 342 2025 mirari
354 1987 448 2024 secum
459 1971 571 2025 tacitus.
600 1968 673 2037 Quid
685 1967 792 2023 multa?
806 1970 943 2040 »Benigne
951 1970 981 2022 1«

247 2045 405 2119 respondet.
426 2044 448 2118 l
461 2047 563 2119 »Neget
573 2046 621 2101 ille
633 2043 739 2100 mihil«
749 2044 882 2117 leregat
893 2046 1002 2115 impro-

688 2120 752 2184 bus,
767 2129 794 2175 et
804 2128 831 2175 te

247 2196 380 2268 »negligit
390 2205 437 2251 eut
448 2195 566 2251 horret«
597 2195 738 2251 Vulteium
754 2212 835 2250 mane
849 2194 1003 2266 Philippus

192 2282 217 2326 ⁶⁵
246 2270 313 2326 vilia
326 2270 490 2326 vendentem
500 2273 624 2327 tunicato
632 2280 725 2326 scruta
737 2271 847 2343 popello

248 2356 373 2418 occupet,
386 2356 413 2401 et
423 2347 530 2402 salvere
541 2346 618 2402 iubet
629 2348 715 2418 prior.
745 2347 795 2402 llle
806 2346 939 2418 Philippo

247 2439 380 2476 excusare
391 2421 512 2477 laborem
523 2432 551 2478 et
561 2423 730 2477 mercenaria
743 2422 844 2485 vinela,

248 2495 1002 2569 quodnonmenedomumvenisset‚deniquequodnon

247 2570 415 2643 providisset
425 2588 499 2627 eum.
526 2572 625 2701 Ἓιὸἰο
635 2574 779 2646 ignovisse
789 2581 884 2645 putato

192 2655 219 2697 tt
244 2646 378 2709 amoniti,
394 2649 418 2701 si
429 2664 528 2703 coenes
548 2647 621 2703 lodie
636 2665 771 2703 mecum«
798 2646 1003 2720 lislltlibeta

691 2722 813 2796 {affigo

173 2795 177 2803 '
248 2804 324 2865 »post
336 2811 434 2849 nonem
447 2798 556 2851 venies:
574 2816 648 2853 nunc
657 2800 677 2861 i,
690 2816 747 2853 rem
759 2808 890 2852 strenuus
900 2813 1004 2870 auge«
