2159 3150
238 273 271 326 ³8
501 277 687 326 ODARUM

462 563 487 624 0
509 564 534 624 D
556 565 580 624 E
623 564 768 625 xxxvi.

356 682 388 723 m
401 681 566 744 uononeu
580 682 696 723 ennam
710 678 873 723 sutrinse.

235 931 348 968 Adventum
363 929 406 966 elue
423 939 449 965 ex
462 929 560 974 utentum
572 929 632 965 nutri
648 931 741 967 eonrtrto
753 936 774 967 et
786 931 824 965 etot
841 933 861 966 et
873 929 958 966 Lentu
978 933 1002 967 et

301 994 379 1029 nomeu
385 994 487 1038 numque
496 993 636 1029 salebrosum
646 1004 690 1031 aue
699 995 808 1031 eonteudtt.
833 987 891 1030 itote.
902 995 927 1031 V.

276 1085 314 1150 Et
324 1093 405 1149 thure
419 1101 447 1148 et
460 1091 565 1148 fidibus
577 1093 655 1149 iuvat

272 1215 273 1219 ,
314 1169 434 1242 placare,
447 1177 474 1223 et
485 1168 567 1223 vituli
578 1170 715 1242 sanguine
726 1168 821 1224 debito

275 1244 404 1301 custodes
414 1243 553 1298 Numidae
564 1243 640 1307 deos,

314 1322 363 1393 qui
379 1336 453 1375 nuno
463 1320 594 1392 Hesperia
606 1336 703 1392 sospes
717 1319 752 1374 ab
763 1319 862 1375 ultima

276 1397 348 1452 oaris
360 1395 446 1451 multa
460 1394 615 1458 sodalibus,

313 1471 382 1527 nulli
394 1471 474 1544 plura
487 1481 578 1526 temen
590 1468 694 1525 dividit
703 1469 809 1533 oscula,

277 1565 360 1621 quarn
372 1546 449 1603 dulei
461 1547 582 1613 Lamiae,
595 1563 700 1602 memor

314 1632 390 1679 actae
402 1640 455 1678 nou
467 1622 522 1680 alio
533 1641 598 1698 rege
609 1625 733 1696 puertiae

276 1709 452 1771 mutataeque
461 1700 546 1754 simul
559 1708 647 1773 togae.

314 1774 412 1832 Cressa
423 1791 457 1829 ue
468 1783 559 1834 eareat
569 1774 686 1847 pulchra
697 1773 758 1829 dies
770 1784 848 1829 nota:

276 1869 329 1907 neu
341 1858 465 1924 promtae
476 1850 576 1905 modus
587 1850 744 1922 amphorae,

315 1944 370 1982 neu
382 1942 485 1982 morem
497 1926 526 1981 in
538 1925 646 1981 Salium
657 1926 694 1981 sit
707 1926 818 1997 requies
828 1923 947 1997 pedum,

277 2019 332 2059 neu
346 2002 427 2058 multi
438 2002 559 2057 Damalis
571 2002 640 2057 meri

315 2079 430 2134 Bassum
441 2078 570 2133 Threicia
581 2078 676 2132 vincat
686 2075 836 2149 amystide:

279 2171 333 2210 neu
345 2154 437 2210 desint
447 2153 539 2226 apulis
551 2170 638 2218 rosae,

315 2247 369 2286 neu
383 2230 468 2286 vivex
478 2230 583 2302 apium,
596 2246 650 2284 neu
662 2227 747 2283 breve
758 2227 865 2281 lilium!

277 2304 379 2363 Omnes
391 2306 420 2360 in
432 2305 557 2361 Damalin
568 2312 663 2377 putres

315 2381 455 2454 deponent
465 2381 575 2449 oeulos;
589 2398 641 2436 neo
651 2378 771 2435 Damalis
782 2395 854 2434 novo

276 2456 573 2521 divelleturaduitero,

183 2543 210 2587 to
317 2533 430 2589 lascivis
442 2533 554 2588 hederis
566 2530 748 2586 ambitiosior.
