2159 3150
390 332 524 378 LIBER
564 335 604 377 lll.
837 334 869 384 89

152 431 227 492 Non,
239 429 263 482 si
274 429 343 500 quid
353 430 474 487 Pholoen
488 435 565 495 satis,

195 512 268 567 otte,
285 504 390 569 Chlori,
402 505 495 562 docet:
518 505 574 562 filia
589 509 690 563 rectius

151 587 299 650 expugnat
308 580 444 634 iuvenum
458 580 564 646 domos,

193 653 275 723 pulso
285 653 387 728 Thyias
398 655 439 709 uti
451 655 558 710 concita
569 665 709 730 tympano.
899 675 923 716 to

152 728 236 781 lllam
250 729 324 801 cogit
334 746 410 784 amor
421 729 503 785 Nothi

194 803 317 857 lascivae
330 802 454 858 similem
465 804 562 859 ludere
573 822 700 878 capreae:
731 836 734 841 ·

151 887 183 932 to
194 878 273 932 lanae
283 881 369 949 prope
381 879 503 933 nobilem
636 877 638 880 ’
679 877 681 881 ’

192 961 289 1008 tonsae
299 954 455 1018 Luceriam,
467 970 521 1009 non
534 952 667 1016 citharae,
680 953 778 1010 decent

150 1044 206 1081 nec
216 1025 267 1082 llos
277 1045 435 1100 purpureus
446 1045 536 1092 rosae,
705 1079 707 1082 .
898 1042 923 1085 15

192 1119 246 1156 noc
253 1104 323 1174 poti,
339 1103 471 1166 vetulum,
484 1101 560 1157 lacco
574 1110 654 1158 tenus
666 1102 739 1157 cadi.

370 1289 396 1349 Ο
416 1291 442 1348 D
462 1291 487 1348 E
527 1289 610 1350 xvi,

245 1405 291 1446 un
306 1406 330 1447 c.
345 1405 485 1448 emnium
498 1405 735 1448 nuncnunrum
801 1415 803 1418 ·

105 1644 132 1678 ln
145 1643 249 1687 principio
263 1642 378 1677 &vitiorum
386 1643 475 1686 potentia
483 1643 583 1678 muniret·
595 1652 638 1679 rosc
648 1644 694 1678 dslu
703 1644 744 1693 suls
753 1647 866 1681 contentum

304 1707 357 1741 vello
365 1708 433 1741 νίκη
447 1707 513 1742 dcent.
536 1706 594 1741 Ιώ.
604 1706 676 1741 xvm.

149 1795 297 1859 Inclusam
307 1804 417 1858 Danaen
428 1804 511 1857 turris
523 1803 627 1858 ahenea

148 1879 339 1950 robustaeque
350 1878 422 1934 fores
432 1888 458 1932 et
470 1877 588 1951 vigilum
600 1896 698 1934 canum

149 1956 249 2010 tristes
258 1954 394 2009 excubiae
404 1954 563 2007 munierant
575 1956 642 2008 satis

229 2030 372 2084 nocturnis
381 2028 416 2083 ab
427 2028 571 2092 adulteris,

149 2122 177 2174 si
192 2138 247 2174 non
258 2119 408 2184 Acrisium,
422 2120 540 2193 virginis
552 2118 662 2175 abditae

150 2194 297 2250 custodem
308 2195 453 2266 pavidum,
468 2196 592 2265 Iuppiter
606 2201 633 2248 et
642 2192 735 2247 Venus

151 2272 296 2325 risissent:
309 2268 452 2325 lorcenim
463 2277 552 2325 tutum
563 2270 651 2324 iteret
665 2278 761 2339 potens

182 2391 184 2395 .
229 2346 403 2403 conversoin
414 2345 534 2417 pretium
549 2344 611 2400 deo.

151 2436 261 2491 Aurum
271 2436 439 2508 per-medios
449 2438 489 2491 ire
499 2436 632 2493 satellites

150 2521 180 2566 et
193 2528 373 2583 perrumpere
383 2520 456 2566 amat
465 2528 542 2574 saxa,
557 2510 695 2581 potentius

151 2588 210 2640 ictu
223 2585 369 2641 fulminco.
409 2586 537 2641 Concidit
548 2584 661 2657 auguris

229 2661 327 2734 Argivi
339 2660 448 2724 domus,
463 2660 500 2714 ob
511 2660 618 2714 lucrum

151 2750 282 2805 demersa
294 2751 393 2803 exitio:
416 2748 521 2803 dilstdit
529 2748 642 2801 urbium

153 2834 248 2897 portas
258 2826 302 2878 vir
312 2824 434 2882 Macedo,
447 2832 474 2876 et
484 2821 595 2876 subruit
609 2819 731 2873 aemulos
