2159 3150
307 316 387 359 ΗΒ.
407 316 442 359 11.
473 316 562 361 SAT.
583 317 663 361 Vlll.
811 314 862 366 233

99 430 210 487 captus,
224 426 255 471 nt
268 416 360 471 aiebat
371 432 471 470 coenae
483 426 574 487 pater:
593 417 665 470 acria
678 417 782 472 circum

99 493 210 565 rapula,
227 492 359 555 lactucae,
376 492 494 554 radices,
507 492 602 563 qualia
615 492 718 547 lassum

100 568 262 640 pervellunt
272 567 457 631 stomachum,
470 568 551 630 siser,
564 567 653 629 halec,
666 566 771 622 faecula
783 568 848 625 Coa.

99 646 149 699 llis
161 644 211 699 ubi
223 643 343 698 sublatis
355 660 424 715 puer
435 642 489 697 alte
499 644 609 698 cinctus
621 660 748 697 acernam
889 658 916 701 to

99 737 226 793 gausape
238 736 380 791 purpureo
390 736 514 773 mensam
527 720 667 789 pertersit,
684 728 712 774 et
721 719 790 774 alter

98 796 226 868 sublegit
236 794 434 865 quodcumque
448 795 660 848 iaceretinutile
675 794 808 866 quodque

99 881 195 943 posset
205 882 352 925 coenantes
364 870 517 924 offendere:
539 879 569 924 ut
580 870 669 924 Attica
683 870 763 943 virgo

99 964 165 1001 cum
177 948 264 1000 sacris
275 946 383 1001 Cereris
395 946 520 1017 procedit
531 944 627 999 fuscus
637 945 791 1018 Hydaspes,

99 1022 229 1078 Caecuba
241 1022 306 1076 vina
322 1022 423 1085 lerens,
436 1023 522 1076 Alcon
535 1020 637 1076 Chium
648 1022 732 1075 maris
743 1040 855 1093 expers.
890 1035 916 1078 tt

99 1098 152 1153 llic
166 1097 264 1151 herus:
287 1098 451 1157 »Albanum
463 1098 617 1159 Maecenas,
630 1097 691 1151 sive
703 1098 851 1153 Falernum

99 1182 141 1228 rte
154 1172 524 1245 magisappositisdelectatz
540 1172 858 1245 halremusutrumque.«

100 1268 161 1303 non.
174 1250 291 1303 Divitias
303 1250 434 1303 miseras!
447 1248 502 1303 Sed
514 1253 579 1319 quis
590 1249 772 1302 coenantibus
784 1267 849 1314 una,

100 1324 243 1385 Fundani,
257 1324 374 1395 pulchre
387 1323 471 1378 luerit
483 1324 545 1388 tibi,
558 1340 640 1378 nosse
652 1323 756 1379 laboro.

100 1418 177 1455 runo.
189 1400 324 1453 Summus
335 1416 386 1472 ego
396 1410 423 1454 et
434 1416 518 1471 prope
530 1416 574 1453 mo
582 1397 861 1456 ViscusThurinusct
888 1412 917 1455 20

605 1474 687 1532 inira,

101 1553 125 1606 si
138 1552 265 1613 memini,
280 1546 388 1614 Varius,
402 1568 465 1605 cum
478 1549 600 1606 Servilio
610 1550 753 1606 Balatrone

101 1627 246 1684 Vibidius,
259 1645 330 1698 quos
342 1629 485 1681 Maecenas
497 1626 652 1681 adduxerat
664 1627 788 1681 umbras.

100 1704 293 1757 Nomentanus
307 1713 366 1757 erat
376 1721 461 1774 super
472 1703 576 1773 ipsum,
591 1702 704 1756 Porcius
719 1702 800 1764 inira,

101 1777 243 1832 ridiculus
254 1788 324 1832 totas
335 1779 419 1834 simul
430 1777 580 1833 obsorbere
589 1776 742 1848 placentas.

101 1855 293 1909 Nomentanus
305 1853 339 1907 ad
353 1854 413 1912 hoc.
427 1854 487 1924 qrri,
499 1854 523 1906 si
535 1851 606 1924 quid
618 1852 685 1907 iorte
697 1853 802 1915 lateret,
890 1864 917 1908 25

102 1929 197 1984 indice
209 1939 374 1984 monstraret
384 1929 486 2002 digito:
508 1946 572 1983 nam
584 1941 690 1982 caetera
702 1928 793 1990 turba,

102 2023 163 2066 nos,
177 2007 303 2075 inquam,
316 2021 466 2059 coenamus
477 2021 553 2066 aves,
568 2003 723 2076 conchylia,
736 2005 838 2075 pisces,

102 2081 186 2152 longe
198 2079 368 2135 dissimilem
381 2090 444 2134 noto
455 2079 574 2134 celantia
586 2096 716 2134 succum:

101 2166 133 2210 nt
149 2157 192 2210 vel
205 2159 337 2210 continuo
348 2156 446 2226 patuit,
459 2173 548 2226 quum
559 2156 681 2226 passeris
692 2163 774 2227 atque

101 2232 245 2304 ingustata
257 2231 326 2285 mihi
341 2243 500 2301 porrexerat
509 2231 558 2284 ilia
570 2230 690 2284 rhombi.
891 2240 918 2283 to

101 2307 167 2361 Post
179 2307 231 2361 hoc
242 2324 285 2360 me
296 2307 400 2369 docuit,
414 2306 553 2361 melimela
566 2307 666 2360 rubere
678 2309 812 2360 minorem

103 2381 139 2437 ad
150 2382 244 2437 lunam
255 2383 377 2437 delecta:
402 2382 471 2453 quid
485 2382 536 2436 hoc
547 2383 666 2444 intersit,
685 2382 720 2435 ab
735 2382 796 2452 ipso

102 2457 229 2512 audieris
240 2457 354 2512 melius.
385 2460 456 2512 Tum
468 2457 600 2512 Vibidius
610 2458 758 2511 balatroni:

102 2535 184 2595 rN0s,
198 2534 253 2587 nisi
268 2533 400 2590 damnose
413 2533 548 2595 bibimus,
562 2534 713 2587 moriemur
724 2532 844 2592 inulti;«

102 2617 131 2664 et
142 2609 485 2679 calicesposcitmaiorcs.
520 2609 632 2663 Vertere
643 2609 731 2679 pallor
892 2617 919 2660 ³5

101 2694 162 2740 tum
175 2685 288 2756 parochi
303 2684 411 2748 faciem,
424 2686 462 2739 nil
475 2686 517 2739 sic
528 2684 677 2738 metuentis
688 2695 717 2736 ut
729 2701 807 2737 acres

101 2771 222 2833 potores.
236 2760 280 2814 vel
292 2761 369 2832 quod
381 2761 552 2814 maledicunt
563 2759 688 2821 liberius,
702 2758 744 2812 vel

103 2835 214 2890 fervida
227 2835 303 2906 quod
315 2837 419 2890 subtile
434 2833 587 2890 exsurdant
599 2836 663 2887 rina
678 2834 814 2904 palatum.
